4934 6164
1103 513 1401 643 ''1ss

372 801 698 891 primitivae‘lormae
715 820 788 865 curn
809 797 876 865 basi
896 797 1071 878 trochaica,
1091 797 1216 886 primos
1234 797 1378 865 eiusdem
1394 749 1517 866 lormae
1529 797 1586 866 sed
1600 821 1675 866 cum
1694 798 1854 889 dactylica
1872 802 1940 869 basi
1957 805 2010 870 cui
2025 779 2198 892 spondiaci

358 923 556 1012 'opponitum
610 925 653 986 ht
672 941 836 1008 nonquam
857 919 1089 1006 Aristophanes
1107 918 1139 984 in
1156 918 1225 984 basi
1244 917 1408 1007 dactylum
1434 920 1559 1007 posuit,
1585 919 1672 1007 quod
1696 921 1723 986 ai
1739 932 1858 988 tamen
1883 921 1992 992 lacere
2017 923 2136 1006 voluit,
2161 947 2200 991 eo

242 1037 1539 1140 [¹,magiaeratcurandumutnedirersaesibiopponerenturlormae.
1591 1039 1901 1130 Hocigiturquum
1921 1041 2110 1110 biclactum
2130 1067 2200 1111 esec
2267 1101 2273 1109 .
2363 1049 2369 1060 ”

371 1185 502 1251 negem,
529 1163 592 1228 no'n
611 1159 762 1250 equidem
781 1171 889 1227 statuo
906 1159 1126 1254 corrpptelam
1145 1157 1287 1248 aliquam
1307 1157 1381 1226 huic
1398 1157 1469 1226 loco
1488 1159 1604 1239 inesse,
1630 1159 1686 1226 sed
1706 1159 1818 1228 dubito
1835 1185 1877 1229 an
1895 1161 1948 1231 bic
1966 1161 2055 1230 locus
2067 1164 2200 1231 omnino

362 1305 432 1348 non
451 1279 704 1368 antistrophicus
721 1281 774 1346 sit.
826 1278 950 1356 Quodsi
969 1290 1078 1350 tamen
1096 1277 1347 1368 antistrophicua
1365 1292 1435 1361 est,
1459 1289 1494 1345 at
1513 1300 1576 1344 non
1595 1279 1776 1368 glyconeus
1792 1281 1851 1350 sed
1869 1281 2049 1371 dactylicus
2066 1294 2117 1351 est
2145 1283 2199 1352 ille

368 1402 504 1470 aereus.'
543 1377 687 1470 Omnino
706 1398 798 1467 rideo
817 1423 881 1466 non
901 1409 989 1467 recte
1007 1399 1047 1467 ab
1064 1397 1256 1489 quibusdam
1276 1397 1317 1464 de
1335 1398 1395 1466 boc
1413 1399 1485 1465 loco
1502 1401 1619 1481 statui,
1644 1399 1787 1472 seductis
1804 1401 1866 1468 illis
1884 1405 1927 1470 G.
1947 1403 2130 1470 Hermanni
2149 1403 2199 1470 iu-

311 1570 315 1580 =
357 1519 647 1611 dicioquodipse
665 1519 729 1586 iam
749 1521 947 1586 retractavit.
1000 1519 1065 1594 Qui
1084 1521 1169 1586 enim
1189 1518 1265 1585 inde
1282 1520 1322 1586 ab
1344 1541 1389 1584 ιι.
1419 1523 1513 1588 1148
1540 1518 1675 1587 alterius
1699 1531 1735 1588 ot
1760 1533 1894 1610 potatur
1918 1523 2071 1611 strophae
2094 1523 2199 1606 initio,

370 1665 482 1710 versos
499 1653 699 1730 sequuntur,
725 1639 815 1706 nollo
833 1641 930 1707 modo
948 1637 1090 1706 dubitari
1109 1649 1228 1731 potest,
1254 1639 1336 1728 quin
1351 1661 1457 1726 neque
1474 1639 1627 1728 glycooei
1647 1663 1753 1730 neque
1769 1643 1984 1730 anapaestici,
2008 1641 2066 1710 aed
2084 1641 2198 1740 dacty5
2291 1619 2296 1627 Ι

346 1763 422 1832 ¹lici
442 1759 582 1828 habendi
599 1761 674 1826 sint.
726 1761 867 1828 Frustra
886 1761 926 1827 Ο.
946 1760 1114 1849 Reisigius
1132 1759 1303 1826 verissime.
1315 1760 1441 1826 monuit
1460 1759 1606 1826 ultimam
1625 1761 1758 1850 glycooi
1780 1761 1879 1830 araim
1906 1749 1986 1828 s'olvi
2005 1785 2067 1829 non
2094 1785 2199 1852 posse,

373 1879 494 1950 nedum
522 1880 661 1948 solutam
680 1880 941 1982 in'responsione
957 1879 1077 1970 opponi
1097 1903 1159 1947 non
1178 1879 1319 1948 solutae:
1345 1879 1478 1946 luerunt
1495 1881 1551 1968 qui
1576 1880 1662 1948 huno
1677 1866 1829 1948 'errorem
1857 1891 2053 1970 repeterent.
2110 1883 2199 1958 Quia

370 2001 419 2070 rel
438 2025 479 2068 eo
496 2001 772 2091 progrediantur,
798 2011 836 2068 ot
855 2023 982 2068 versum
1007 2001 1102 2070 1149
1122 1997 1269 2082 πότνιαι,
1295 1995 1395 2076 ἄλσος
1412 2001 1445 2076 ἐς
1460 1997 1616 2089 ὑμέτερον
1635 2001 1832 2090 respondere
1846 2011 1963 2090 putent
1975 2003 2082 2069 versui
2100 2005 2196 2072 1156

239 2149 247 2160 ·
368 2120 526 2206 μόλετον,
561 2121 718 2226 didacus»,
752 2117 939 2206 sirriacho:
974 2121 1098 2188 scilicet
1126 2121 1325 2191 tribrachum
1357 2143 1427 2188 esse
1456 2118 1601 2188 πότνιαι.
1668 2121 1744 2210 lpse
1769 2143 1846 2188 vero
1871 2121 1923 2188 bic
1947 2145 2058 2189 versus
2079 2121 2199 2189 clamat

367 2242 566 2331 dactylicum
585 2266 655 2309 esse
672 2253 707 2309 et
723 2241 828 2330 ipsum
847 2253 881 2308 et
899 2240 954 2330 qui
972 2251 1166 2335 sequuntur.
1183 2277 1235 2292 -
1267 2241 1420 2332 Denique
1442 2241 1572 2306 Eccles.
1593 2246 1679 2321 915,
1699 2250 1791 2323 9163
1819 2251 1906 2324 921,
1933 2251 2006 2311 922
2032 2241 2098 2310 duo
2122 2255 2198 2310 eunt

368 2363 543 2453 glyconei,
568 2385 708 2451 quorum
728 2361 812 2428 alter
830 2360 1112 2450 hypercatalectus
1128 2383 1201 2427 corn
1227 2361 1294 2428 basi
1318 2361 1488 2450 spadices,
1518 2361 1604 2428 alter
1626 2361 1788 2452 primitiva
1815 2363 1918 2429 lorma
1941 2385 2015 2428 cum
2039 2361 2106 2428 basi
2130 2373 2198 2460 tro·

373 2485 494 2570 chaica.
548 2480 765 2571 Respondent
787 2481 1040 2558 accuratissime.
1058 2517 1109 2530 —
1143 2479 1318 2548 Postremi)
1341 2481 1571 2570 pherecrateos
1595 2483 1719 2570 positus
1739 2493 1789 2548 cst
1812 2481 2011 2570 Thesmoph.
2036 2507 2080 2549 rs.
2106 2491 2198 2562 991;

375 2613 447 2674 996
467 2601 524 2694 qni
544 2605 575 2670 in
594 2603 662 2669 basi
682 2601 879 2668 tribrachum
899 2601 998 2669 habet
1014 2601 1121 2667 iambo
1138 2601 1333 2690 oppositum.
1386 2602 1464 2668 Hoc
1481 2603 1609 2668 tametsi
1627 2601 1775 2698 excusari
1794 2603 1894 2691 possit
1911 2603 2042 2669 nomine
2053 2601 2199 2692 proprio,

370 2737 478 2796 tamen
497 2723 702 2816 corruptela,
728 2725 813 2811 quae
831 2721 980 2810 proximo
1000 2741 1093 2788 versu
1113 2731 1226 2809 aperta
1249 2734 1317 2802 est,
1349 2720 1392 2788 ad
1417 2721 1657 2812 huncquoque
1681 2723 1846 2820 pertinere
1874 2721 2014 2790 ridetur.
2075 2721 2217 2802 Franc„

368 2845 570 2914 Fritzschius
578 2843 731 2932 ‘speciose
748 2865 826 2909 sane
842 2841 981 2908 coniecit
999 2837 1141 2908 Διόνυσε
1159 2851 1270 2908 natum
1290 2863 1361 2908 esse
1377 2861 1418 2907 ιιι
1437 2838 1516 2916 Διός
1532 2865 1580 2921 τε,
1609 2841 1640 2907 id
1659 2843 1744 2908 enirn
1763 2853 1798 2909 ct
1815 2831 1956 2909 rhetrom
1981 2853 2015 2909 et
2038 2843 2197 2912 sententia
2317 2843 2320 2854 '

369 2966 518 3054 requirit.
569 2961 656 3030 Male
674 2975 783 3030 tamen
803 2961 835 3027 id
853 2961 1046 3028 collocatum
1064 2971 1134 3043 ert,
1162 2972 1197 3028 ut
1214 2961 1323 3050 potius
1341 2961 1489 3053 proximo
1508 2983 1602 3028 versu
1620 2961 1827 3028 scribendum
1854 2986 1925 3030 esse
1948 2963 2097 3029 rideatur
2121 2963 2198 3038 Διός

366 3095 420 3154 aar
440 3087 586 3169 Σεμέλας
595 3091 676 3162 παῖ.
694 3119 744 3132 --
770 3082 887 3148 hllatis
902 3081 1141 3170 glyconeorom
1159 3080 1247 3174 apud
1264 3079 1512 3169 Aristo'ph'an'em
1531 3077 1689 3170 exemplis
1714 3093 1803 3149 recte
1828 3082 1920 3148 nobis
1943 3081 2094 3148 ridemur
2116 3081 2204 3150 illud

336 3233 339 3239 ·
369 3205 565 3274 allirmatori
589 3203 749 3271 comicum
774 3206 901 3290 poetam
926 3201 1097 3290 diligentia
1122 3223 1219 3290 quarn
1245 3201 1276 3266 in
1301 3200 1511 3288 responsione
1535 3200 1756 3268 adhibuerat
1782 3213 1894 3290 poetas
1914 3202 2077 3290 tragicos,
2107 3215 2198 3271 certe

369 3325 564 3415 Euripidem
582 3335 617 3390 ct
635 3325 666 3390 in
685 3321 876 3412 quibusdam
895 3319 1013 3387 isbulis
1030 3321 1127 3388 etiam
1152 3319 1346 3410 Sophoclem
1372 3319 1470 3409 longe
1493 3323 1704 3412 superavisse.
1740 3323 1895 3389 ·Summo
1919 3334 2028 3388 autem
2053 3322 2210 3411 disputa·

369 3447 466 3514 tionis
483 3457 611 3512 nostrae
630 3441 672 3510 de
689 3441 862 3532 glyconeis
877 3441 956 3507 baec
973 3451 1033 3507 est.
1087 3439 1303 3508 Usitatissinra
1322 3451 1373 3506 est
1389 3439 1476 3529 apud
1503 3441 1750 3529 Aristophanem
1775 3442 1938 3530 primitiva
1963 3441 2099 3548 forma,
2113 3465 2197 3531 quae
2251 3447 2256 3454 '

230 3600 234 3606 ·
368 3570 400 3635 io
421 3569 486 3634 fine
504 3566 645 3635 iambum
664 3563 773 3630 babet.
821 3562 920 3629 'llaec
937 3583 1103 3650 nunquam
1122 3561 1175 3628 alii
1194 3561 1318 3628 lormae
1335 3562 1523 3650 opponitur,
1541 3541 1575 3627 eh
1593 3560 1718 3627 iambus
1735 3562 1857 3650 pariter
1874 3573 1973 3650 atque
1992 3560 2023 3626 in
2036 3561 2197 3630 choriam-

366 3691 440 3758 bico
459 3695 662 3755 monometro
686 3705 760 3749 com
785 3681 934 3749 anaorusi
961 3703 1090 3770 semper
1113 3703 1216 3768 porus
1238 3693 1397 3748 serrator.
1460 3681 1639 3748 Praeterea
1666 3685 1742 3748 usus
1766 3695 1821 3750 est.
1839 3681 2071 3770 Aristophanes
2094 3681 2196 3748 altera

370 3811 485 3889 torma,
511 3829 596 3896 quae
614 3802 793 3892 spondeum
814 3801 863 3867 vel
883 3801 1070 3868 trochaeum
1088 3811 1166 3868 ante
1181 3799 1402 3867 choriambum
1422 3800 1529 3868 habet.
1584 3803 1677 3867 llaec
1695 3823 1826 3890 quoque
1842 3801 1902 3868 sibi
1921 3815 2047 3870 tantum
2067 3803 2126 3890 ipsi
2146 3823 2197 3867 re·

366 3929 526 4020 spondet,
555 3938 661 4014 n'eque
678 3922 840 4011 spondeos
858 3921 987 3988 ridetur
1003 3921 1158 3987 trochaeo
1175 3922 1294 4009 opponi
1313 3925 1426 4010 potae,
1450 3921 1545 3987 cuius
1562 3921 1607 3987 rei
1635 3943 1732 3986 unum
1757 3933 1884 3987 tantum
1909 3922 2095 4008 exemplum
2119 3939 2197 4001 con:

369 4051 504 4118 trecium
524 4056 632 4113 exstat
650 4045 680 4110 in
696 4043 823 4130 Vespis,
848 4039 937 4131 qood
957 4039 1094 4107 vidimus
1113 4051 1242 4129 recepta
1264 4041 1394 4129 volgata
1413 4041 1573 4128 scripturn
1594 4041 1754 4118 remorari
1773 4061 1877 4129 posse.
1927 4039 2021 4106 Basia
2038 4051 2197 4128 cstspon·
2293 4125 2297 4128 ,

367 4171 472 4251 diaes,
496 4165 673 4246 trochaica,
700 4155 848 4239 iambica,
873 4161 1044 4250 quaeriue
1062 4160 1248 4230 discrimine
1266 4161 1574 4249 sibiopponuotur,
1602 4161 1660 4231 nisi
1678 4159 1766 4250 quod
1785 4159 1926 4226 iambum
1947 4181 2112 4248 nunqnam
2130 4159 2196 4227 ridi

266 4351 268 4356 .
367 4288 521 4358 trochaeo
539 4285 736 4375 oppositum,
762 4281 849 4371 qood
868 4303 969 4371 quom
987 4281 1051 4348 alio
1070 4281 1141 4349 loco
1158 4279 1356 4360 ostenderim
1375 4279 1571 4370 Aeschylum
1589 4301 1721 4368 quoque
1740 4301 1903 4367 nunquam
1923 4275 1982 4344 sibi
2000 4281 2196 4368 permisisse,
2324 4293 2328 4303 .

368 4409 522 4478 ridentur
538 4405 599 4474 hoc
617 4403 792 4492 diligentes
809 4413 924 4490 poetae
942 4401 1070 4468 vitasse.
1123 4401 1242 4490 Neque
1259 4399 1403 4489 spondeo
1421 4401 1545 4491 iepnbua
1561 4423 1658 4488 saepe
1675 4401 1870 4490 opponitur,
1895 4399 1982 4488 apud
2000 4398 2199 4490 Aeschylum

369 4549 553 4619 nunquam,
578 4524 627 4592 bis
643 4521 730 4613 apud
751 4521 1018 4610 Aristophanem
1045 4521 1251 4588 usitatissima
1269 4531 1320 4588 est
1336 4519 1470 4609 spondei
1488 4532 1522 4586 et
1540 4519 1683 4586 trochaei
1709 4519 1887 4609 responsio.
1944 4504 2147 4588 'l'ribrachus
2168 4521 2196 4587 si

246 4705 256 4728 ,
367 4648 487 4718 inbasi
506 4657 573 4728 est,
599 4636 1081 4730 conrideturcumbisyllabo
1099 4639 1183 4730 pede
1202 4651 1503 4730 permutatosesee.
1557 4639 1768 4728 Dactyluset
1792 4649 2023 4728 anapaestusa
2048 4639 2114 4706 basi
2136 4661 2195 4706 ex·

366 4769 557 4839 cluduntur.
735 4745 738 4756 ¹
1588 4765 1591 4772 '
2100 4743 2104 4748 ⁵

521 4891 630 4972 Atque
647 4881 726 4948 baec
742 4879 876 4970 quidem
896 4879 937 4946 rle
954 4877 1179 4948 choriambicis
1204 4880 1414 4946 monometrir
1431 4880 1567 4968 eiusque
1590 4879 1747 4945 similibus
1772 4877 1894 4946 metris.
1954 4879 2058 4945 Verrio
2080 4876 2121 4943 ad
2146 4853 2197 4944 dt'-
2227 4913 2233 4920 ·

369 5023 491 5078 metros
513 5004 745 5090 trimetroaque
770 5001 1007 5068 usitatissimam
1032 4997 1248 5068 choriambici
1267 4999 1394 5066 numeri
1419 4999 1567 5066 lorrnom.
1629 4999 1694 5066 llic
1718 4997 1840 5086 duplex
1864 4997 2014 5065 exoritur
2037 4997 2197 5084 quaemio,

367 5149 505 5220 quarum
524 5125 626 5192 altera
645 5123 685 5188 ab
705 5119 793 5188 nollo
812 5139 913 5208 osque
932 5131 1020 5186 mota
1033 5131 1094 5198 est,
1112 5119 1214 5186 altera
1234 5143 1311 5188 vero
1327 5117 1370 5195 ed
1388 5119 1566 5188 choriambi
1584 5141 1657 5188 com
1676 5117 1818 5185 diiambo
1837 5116 2107 5208 permutationem
2123 5139 2197 5205 per-

369 5255 463 5322 tinet.
517 5251 625 5334 Atque
642 5243 675 5310 in
694 5228 832 5311 numero
851 5261 928 5308 rere
943 5237 1160 5306 choriambico
1179 5261 1241 5306 non
1263 5239 1392 5307 videtur
1408 5239 1597 5307 choriambo
1614 5239 1782 5328 oppositos
1804 5255 1872 5305 ιιιι
1897 5235 2073 5304 diiambum
2105 5236 2198 5304 cuius

1740 5349 1761 5409 2
1777 5345 1790 5372 ι
