4934 6164
1224 341 1374 400 ν’

182 779 187 792 ·
276 765 417 854 denique
436 766 507 832 eius
525 765 572 830 rei
591 761 633 830 de
650 784 715 850 qus
733 761 861 850 agimus
879 756 1066 846 exemplum
1085 766 1193 855 exstat
1211 755 1344 826 'l'hesm
1364 781 1409 824 rs.
1430 762 1502 828 959
1522 756 1593 843 ἅμα
1610 759 1644 826 δὲ
1670 763 1728 825 καί
1748 759 1801 826 cui
1827 759 2009 848 oppositum
2035 785 2104 830 esse

168 931 173 938 ·
276 875 403 954 uersum
426 886 544 954 uasat
560 885 596 952 δέ
609 907 657 958 τις
675 893 709 948 et
726 906 772 949 rs.
793 889 865 951 966
886 877 970 946 atta
986 876 1046 970 χρῆ
1065 879 1125 946 viri
1144 877 1230 944 docti
1250 889 1375 944 tantum
1396 901 1459 946 nou
1474 901 1587 946 omnes
1600 889 1758 946 statuunt.
1797 860 2104 970 Quaequidemres
2158 953 2159 956 ,

132 1035 135 1040 ¹
200 1027 201 1031 ’
274 1003 450 1076 admodum
469 1004 567 1072 dubia
591 1016 641 1070 est
665 1025 728 1069 non
754 1002 857 1070 solum
884 1013 1019 1090 propter
1043 998 1282 1086 responsionem
1309 999 1402 1066 istam
1427 1009 1464 1066 ut
1488 993 1578 1066 nobis
1603 999 1732 1066 ridetur
1756 1000 2021 1089 improbabilem,
2047 1001 2105 1068 sed

191 1183 195 1196 .
251 1107 370 1204 ¹setiam
391 1125 756 1223 proptersententiam‚
782 1121 930 1214 quaefad
950 1120 1109 1210 proodum
1140 1119 1224 1186 trahi
1257 1120 1337 1187 haec
1362 1141 1439 1186 vera
1463 1119 1564 1186 iubet.
1623 1120 1887 1208 Postponendam
1914 1122 2018 1210 igitur
2043 1095 2118 1196 lati,

274 1256 401 1324 numeri
420 1249 681 1340 aequabilitatem
700 1242 865 1332 quandam
883 1241 1117 1308 sententiarum
1138 1241 1241 1307 nexui.
1254 1240 1407 1328 strophae
1425 1239 1552 1306 initium
1571 1239 1647 1308 inde
1664 1241 1705 1324 ab
1723 1264 1817 1308 versu
1845 1249 1918 1311 962
1943 1243 2105 1330 ponimus.
2133 1285 2138 1295 ι

223 1389 227 1398 “
274 1377 379 1443 Aliter
397 1373 510 1440 statuit
530 1371 588 1436 Fr.
607 1364 808 1436 Fritascbius
825 1363 882 1452 qui
901 1387 946 1429 vs.
967 1367 1039 1434 957
1059 1360 1212 1450 strophae
1237 1360 1364 1426 initium
1389 1347 1505 1449 ponit,
1530 1360 1584 1427 eui
1610 1360 1806 1449 respondeat
1830 1361 2031 1450 antistropha
2059 1385 2104 1426 vs.

276 1504 349 1570 966
364 1491 497 1581 stropha
513 1501 548 1556 et
560 1485 762 1574 antistropha
777 1484 880 1550 altera
894 1483 1083 1572 interposita
1098 1482 1158 1548 hoe
1170 1482 1351 1550 schemate:
1376 1508 1409 1547 α.
1422 1486 1451 1566 β.
1465 1477 1509 1566 β’.
1525 1476 1567 1547 α’.
1586 1480 1673 1570 quod
1689 1479 1839 1570 displicet
1852 1504 1953 1570 quum
1969 1492 2104 1570 propter
2186 1521 2189 1526 -

274 1613 517 1704 dispositionem
538 1611 658 1697 ipsam,
684 1629 768 1696 quae
787 1627 846 1694 per
863 1614 970 1671 totum
989 1583 1150 1692 reliquum
1168 1623 1300 1668 carmen
1321 1602 1364 1668 ita
1383 1601 1565 1668 instituitur
1582 1601 1733 1690 simplex,
1752 1611 1788 1668 ut
1804 1599 1970 1691 stropham
1989 1623 2103 1690 quam·

273 1759 338 1826 que
356 1733 510 1814 continuo
528 1730 744 1817 subsequatur
761 1723 980 1812 antistropha,
1006 1733 1075 1790 tum
1095 1733 1230 1812 propter
1249 1723 1461 1790 mutationem
1479 1720 1643 1810 duplicem
1670 1745 1735 1810 qua
1759 1721 1894 1811 stropha
1920 1733 1954 1789 et
1977 1723 2102 1790 antistr.

273 1842 372 1924 solius
392 1849 607 1942 responsionis
623 1847 731 1937 gratis
751 1857 908 1913 tentatur.
962 1847 1071 1933 Atque
1089 1843 1242 1932 stropbiei
1261 1841 1393 1931 quidem
1414 1864 1525 1910 versus
1543 1842 1680 1909 mutatio
1699 1865 1762 1908 non
1786 1853 1837 1910 est
1862 1843 2021 1924 violenta,
2047 1865 2104 1908 an·

98 1979 101 1984 ’
193 2005 197 2011 ·
274 1974 453 2064 tistrophiel
471 1967 555 2038 atta
572 1987 611 2036 σε
627 1970 708 2057 χρῆν
726 1965 834 2034 neseio
851 1963 1014 2053 quomodo
1033 1963 1192 2053 displicet.
1244 1963 1306 2030 aa
1332 1961 1478 2051 proiecto
1504 1962 1582 2030 trita
1604 1961 1780 2028 admodum
1806 1962 1886 2030 baec
1910 1961 2122 2031 emendandi¹

274 2097 375 2176 ratio,
403 2105 439 2160 ut
458 2093 511 2158 ubi
530 2090 676 2180 syllabae
695 2085 854 2177 quaedam
872 2084 913 2151 ad
934 2085 1060 2150 numeri
1078 2083 1301 2173 integritatem
1321 2081 1427 2149 desint
1445 2082 1494 2148 vel
1513 2081 1627 2149 deesse
1642 2083 1883 2165 existimentur,
1900 2097 1990 2152 certa
2006 2105 2104 2172 quae-

209 2259 213 2270 ·
273 2217 347 2286 darn
368 2211 523 2281 voeabula
541 2212 747 2288 inserantur,
772 2181 857 2294 quae
875 2205 1068 2294 plerumque
1087 2204 1165 2270 nibil
1183 2203 1371 2293 significare
1389 2213 1567 2292 putantur,
1594 2197 1826 2293 nonnunquam
1846 2205 1944 2271 etiam
1971 2216 2104 2272 senten-

273 2340 584 2424 tiampervertunt,
612 2341 649 2396 ut
674 2328 760 2395 idem
786 2331 827 2394 σέ
851 2327 982 2393 memini
1008 2324 1207 2412 Thesmoph.
1233 2348 1278 2390 vs.
1306 2331 1379 2394 662
1408 2323 1583 2406 insertum,
1610 2323 1697 2413 quod
1725 2311 1767 2391 ibi
1792 2325 1881 2390 nullo
1907 2325 2104 2417 pacto'lerri

185 2507 190 2514 ·
274 2480 366 2546 posse
386 2453 589 2542 intelligent,
616 2449 799 2538 quiveram
819 2447 905 2512 illius
924 2446 984 2512 loci
1004 2445 1162 2512 rationem
1182 2445 1421 2534 perspexerint,
1447 2443 1489 2510 de
1506 2467 1571 2533 qua
1590 2455 1697 2542 tamen
1717 2444 1769 2511 bie
1786 2447 1951 2534 explicare
1970 2447 2103 2534 longum

273 2591 333 2644 est.
386 2574 481 2641 Alter
496 2570 748 2659 antistropbieus
766 2591 878 2662 versus
897 2567 1035 2656 intelligi
1054 2567 1178 2656 nequit.
1230 2564 1317 2640 Quid
1336 2565 1532 2653 cogitaverit
1551 2571 1646 2653 poeta
1665 2566 1831 2654 perspexit
1857 2567 1976 2633 Frane.
1995 2567 2105 2634 Frita-

273 2697 381 2764 sebius
398 2693 569 2761 scholiasta
588 2690 689 2772 duee,
717 2687 977 2755 emendationem
997 2670 1214 2758 tantum‘non
1243 2708 1351 2753 veram
1378 2685 1511 2762 inyenit.
1571 2685 1664 2752 Libri
1690 2687 1849 2774 praebent
1874 2685 1986 2775 ὥσπερ
2011 2688 2106 2777 ἔργον

274 2817 391 2883 litteris
414 2839 449 2903 ερ
475 2813 554 2910 falso
579 2811 735 2902 repetitis.
795 2809 911 2876 Scribo
936 2804 979 2884 oie
1001 2804 1052 2876 ἐπ’
1079 2807 1173 2897 ἔργον
1195 2807 1311 2874 καινὸν
1334 2800 1396 2876 eal:
1427 2805 1459 2872 in
1483 2805 1617 2894 stropha
1642 2807 1729 2880 enim
1759 2808 1810 2872 rix
1836 2808 2014 2898 quidquam
2034 2832 2104 2876 mu·

276 2935 494 3011 tandumest.

426 3053 530 3120 Plura
549 3075 611 3118 aon
632 3051 739 3118 inveni
758 3049 846 3140 apud
865 3049 1114 3137 Aristophanem
1132 3049 1327 3116 ereticorum
1347 3049 1380 3114 ia
1400 3047 1608 3135 responsione
1625 3057 1813 3136 systemate.
1865 3049 1931 3116 Sed
1952 3074 1993 3118 nc
2011 3073 2104 3140 prae-

277 3176 450 3244 termisisse
468 3173 645 3263 quidquam
665 3172 851 3238 videremur
870 3169 953 3235 inlra
972 3191 1027 3236 eos
1044 3168 1299 3258 significavimus
1318 3168 1416 3250 locos,
1444 3168 1498 3233 ubi
1517 3166 1565 3234 sel
1586 3179 1788 3236 monometer
1807 3169 1856 3236 rel
1874 3168 2016 3238 dimeter
2033 3195 2104 3238 cre·
2130 3151 2134 3158 ¹

274 3301 358 3366 ticos
376 3297 446 3364 aliis
465 3294 608 3376 numeris
631 3291 796 3357 admixtus
821 3289 995 3356 invenitur.
1054 3289 1162 3377 Atque
1187 3288 1380 3354 monometri
1406 3285 1472 3353 duo
1498 3296 1624 3354 tantum
1650 3301 1782 3356 exstant
1799 3290 1953 3380 ¹cntempla
1979 3293 2105 3362 Eccles.
2217 3277 2225 3286 ⁸

277 3427 368 3498 90ος
397 3424 489 3496 906,
515 3414 662 3502 sequitur
681 3410 864 3478 trochaicus
883 3420 1085 3476 monometer
1101 3407 1328 3474 acatalecticus
1345 3419 1379 3474 et
1397 3406 1538 3473 Acharn.
1559 3413 1653 3488 9733
1681 3415 1753 3478 989
1774 3411 1928 3496 paeonico
1952 3425 2106 3482 tetrame.

275 3555 327 3607 tro
346 3537 560 3628 praepositus.
613 3533 768 3599 Fortasse
786 3531 848 3597 bue
866 3530 1011 3619 pertinet
1029 3530 1119 3596 Nub.
1144 3552 1190 3594 vs.
1220 3535 1315 3597 1309
1343 3527 1536 3614 ceps-usqu
1558 3529 1637 3602 ἴσως
1660 3541 1694 3594 et
1716 3535 1810 3598 1318
1837 3529 2025 3618 παμπόνηρ’
2049 3537 2105 3622 qui

275 3656 385 3728 tamen
404 3657 500 3724 aliter
517 3651 708 3741 disponendi
729 3651 892 3717 sidentur.
945 3650 1096 3716 Creticus
1115 3659 1317 3715 monometer
1334 3647 1464 3714 additus
1483 3645 1584 3713 rideri
1604 3649 1703 3734 possit
1721 3647 1883 3738 dactylico
1902 3651 2106 3740 heptsmetro

275 3778 466 3848 catalectico
484 3776 515 3841 in
535 3773 693 3861 syllabam
712 3773 800 3838 Ran.
819 3795 864 3837 vs.
885 3778 976 3852 676;
1004 3778 1092 3852 707,
1117 3769 1203 3858 qnod
1222 3791 1322 3858 quum
1344 3767 1495 3856 exemplo
1512 3777 1624 3834 eareat
1643 3768 1750 3834 neseio
1768 3791 1808 3834 an
1835 3789 1928 3838 versu
1952 3775 2106 3842 antistro-

277 3903 373 3990 phieo
392 3921 455 3965 non
477 3906 601 3986 mutato
620 3894 651 3958 in
669 3893 802 3980 atropha
820 3892 899 3977 ἐμᾶς
916 3885 1017 3965 αὐδᾶς
1033 3869 1239 3957 scribendum
1259 3892 1311 3956 sit.
1363 3891 1466 3956 Hunc
1483 3889 1568 3954 enim
1588 3887 1734 3954 ordinem
1755 3889 1866 3978 plures
1889 3893 2107 3962 exhibant-114

154 4089 158 4096 ,
277 4025 346 4103 bri,
373 4024 499 4108 istaque
518 4013 672 4083 vocabula
690 4015 876 4101 saepissime
893 4022 1203 4100 permutantur.-·
1229 4011 1366 4098 Saepius
1383 4010 1527 4075 invenias
1550 4009 1707 4076 creticum
1733 4009 1929 4100 dimetrum,
1962 4015 2105 4101 plerum·

278 4167 343 4232 que
356 4163 429 4209 cum
444 4137 608 4206 trochaico
624 4155 762 4201 numero
775 4134 996 4200 coniunctum.
1051 4132 1191 4221 laysistr.
1207 4153 1251 4196 rs.
1269 4137 1361 4212 804;
1390 4137 1462 4199 828
1478 4128 1716 4196 trochaieorum
1732 4129 1946 4200 dimetrorum
1964 4147 2104 4223 systema

265 4249 442 4331 ¹clauditur
458 4259 582 4326 cretico
600 4255 752 4322 dimetro.
805 4255 904 4342 Vesp.
923 4277 968 4319 vs
992 4259 1107 4332 10613
1138 4259 1233 4320 1092
1259 4251 1400 4318 creticus
1423 4250 1563 4317 dimeter
1587 4249 1759 4318 trochaicis
1782 4222 1982 4326 tetrametris
2005 4223 2107 4322 inter·

280 4385 413 4474 positus.
464 4377 549 4445 Ibid.
568 4381 727 4476 νο..788;
756 4377 828 4444 747
847 4373 998 4441 dochmio
1016 4383 1050 4440 et
1066 4371 1395 4460 iambico-antipasto
1414 4371 1632 4458 interpositus.
1684 4369 1828 4437 Acharn.
1848 4397 1892 4438 vs.
1918 4382 1986 4444 971
2011 4399 2107 4464 peeo-

279 4507 352 4571 nieo
370 4509 563 4568 tetrametro
581 4498 799 4586 praemissus.⁴
839 4499 900 4562 Aa.
919 4519 965 4562 rs.
991 4499 1059 4564 861
1073 4515 1085 4573 ς-
1111 4497 1182 4563 895
1208 4493 1350 4560 creticus
1367 4490 1506 4558 dimeter
1523 4485 1598 4558 eum
1617 4492 1784 4573 onaerusi,
1810 4515 1907 4580 quem
1927 4495 2110 4564 trochaicus

278 4627 418 4692 dimeter
435 4618 643 4686 catalecticus
659 4617 818 4707 sequitur.
1769 4697 1773 4702 ¹

433 4738 685 4805 Usitatissimum
705 4736 792 4826 apud
812 4733 1059 4823 Aristophanem
1079 4743 1130 4800 est
1145 4737 1283 4798 malrum
1299 4731 1570 4836 choriambicum,
1596 4753 1745 4820 quaeque
1764 4730 1838 4798 huic
1855 4744 1932 4800 sunt
1956 4749 2109 4825 cognata.

280 4871 332 4936 De
350 4862 468 4953 quibus
485 4859 547 4925 etsi
562 4859 608 4923 ita
628 4859 658 4923 in
678 4859 820 4925 animum
841 4853 1029 4922 induximus
1045 4855 1230 4922 accuratius
1246 4852 1411 4943 explicare
1429 4865 1466 4920 ut
1483 4863 1518 4920 et
1535 4850 1578 4918 de
1593 4851 1811 4919 choriambico
1829 4875 1965 4920 numero
1982 4867 2016 4922 et
2033 4857 2109 4944 gly-

279 5009 382 5056 coneo
401 4993 434 5065 et
451 4979 676 5047 anacreonteis
693 4990 727 5044 et
745 4978 858 5044 ionicis
874 4997 1020 5043 seorsum
1039 4973 1295 5063 disputaremus:
1323 4986 1430 5040 tamen
1450 4983 1550 5060 quum
1569 4983 1706 5060 campus
1730 4969 1840 5039 iubeat
1866 4972 1964 5041 hasco
1982 4975 2111 5044 chartas

281 5107 431 5178 cilicinae
450 5099 553 5182 tradi,
579 5121 663 5188 quae
683 5099 803 5187 primas
821 5095 1052 5188 imprimendas
1069 5095 1130 5162 iam
1150 5107 1262 5176 curat,
1287 5094 1440 5194 cogimur
1457 5115 1534 5160 sane
1552 5091 1686 5160 coasilio
1711 5091 1869 5158 desistere
1894 5106 1993 5182 atque
2017 5097 2110 5164 abso-

282 5231 348 5296 luta
368 5228 409 5293 de
426 5221 644 5294 choriambico
663 5243 799 5288 numero
817 5207 1163 5308 disputatione.ipsdm
1183 5209 1243 5282 boe
1261 5213 1452 5302 opusculum
1471 5212 1653 5280 absolutum
1673 5223 1801 5301 putare.
1859 5213 2038 5284 Occasione
2063 5231 2111 5284 ta·
