4934 6164
348 843 485 888 mannus
502 818 749 912 adv-exemplam
767 819 1196 910 glyconerumconapositos
1214 828 1326 910 putat,
1352 823 1475 890 cretico
1501 822 1606 911 posito
1633 845 1693 913 pro
1717 823 1913 924 choriambo.
1938 853 1990 882 -e
2026 786 2175 915 Deniquc

348 946 467 1008 Ansam
486 933 545 1007 rss.⁸
566 947 662 1042 8·th
685 947 772 1034 315,
792 946 1027 1022 aaa—3353
1055 943 1284 1010 ste-851.
1309 945 1352 1009 G.
1376 941 1590 1030 Hermannus
1608 943 1811 1012 dochmiacos
1835 970 1905 1014 esse
1929 949 2061 1030 statuit,
2087 947 2175 1037 quod

298 1104 306 1114 ·
344 1077 417 1130 ‚turn
436 1041 479 1130 'ab
498 1061 653 1130 eiolshtas
667 1043 885 1144 mutationes,
911 1073 980 1129 tum
1000 1063 1040 1128 ob
1059 1061 1262 1151 inelegantes
1280 1062 1335 1149 qui
1353 1061 1413 1130 hac
1431 1063 1556 1130 ratione
1570 1065 1722 1131 existunt
1740 1087 1851 1132 uersus
1877 1066 1928 1132 rix
1954 1068 2084 1156 probari
2103 1078 2176 1156 pot·

291 1198 294 1204 ’
347 1195 407 1250 est.
434 1183 493 1276 ..Sl
513 1181 887 1272 quid-mutandumsst,
913 1183 945 1250 in
964 1183 1097 1271 stropha
1117 1183 1228 1249 vitium
1246 1193 1444 1271 quaeratur,
1470 1184 1670 1273 antistropha
1697 1185 1827 1253 intacta'
1843 1185 2065 1276 relinquatur,
2092 1209 2177 1276 quas

348 1295 828 1395 elegantissimis'creticissire
846 1303 1023 1392 paeonibus
1040 1305 1160 1393 scripta
1177 1301 1247 1386 est,
1275 1325 1380 1393 neque
1400 1303 1497 1370 ullam
1518 1305 1585 1371 vitii
1603 1305 1818 1393 suspicionem
1844 1293 1964 1374 morat.
2023 1308 2100 1374 Hoc
2118 1329 2177 1396 po·
2211 1299 2214 1306 ’

349 1411 505 1524 strcalu'm
525 1436 633 1492 tamen
655 1426 759 1490 etiam.
771 1423 804 1490 in
823 1424 988 1512 stropham
1006 1422 1106 1507 cadit,
1132 1421 1219 1512 quod
1238 1445 1338 1512 quum
1358 1405 1558 1512 intelligeret
1576 1423 1665 1491 Guil.
1684 1425 1889 1514 Dindorfius,
1916 1435 2043 1515 poetam
2063 1426 2177 1492 statuit

272 1577 278 1586 ·
351 1571 413 1614 non
433 1541 533 1640 ple'aq
547 1567 699 1643 mensura
716 1543 846 1610 creticis
865 1566 956 1610 usum
975 1567 1063 1624 esse,
1089 1523 1144 1610 sed
1164 1543 1281 1632 quibus
1298 1541 1340 1609 ad
1365 1543 1588 1632 iutegritatem
1616 1555 1744 1634 lempna
1769 1569 1868 1613 unum
1895 1541 2032 1613 doesnel.
2092 1545 2177 1612 Per·

350 1669 467 1734 mirum
486 1675 564 1768 spn'e
582 1645 631 1734 ast
649 1663 734 1731 istud
754 1663 918 1743 Diodorlii
937 1664 1112 1746 iudicium,
1139 1662 1228 1752 quod
1247 1662 1360 1730 dubito
1378 1687 1418 1732 an
1439 1665 1558 1731 nemini
1578 1668 1745 1752 probetur.
1803 1667 1872 1756 Ipsi
1897 1647 2005 1732 tamen
2032 1665 2111 1755 quid
2129 1665 2177 1733 la·

348 1785 608 1860 ciamusdehoc
636 1784 706 1850 loco
731 1783 902 1852 nescimus.
927 1787 982 1834 --'
1010 1779 1076 1850 His
1100 1783 1255 1872 expositis
1280 1783 1374 1851 lacile
1399 1785 1520 1872 poterit
1544 1785 1703 1874 intelligi,
1737 1797 1895 1874 quantum
1919 1787 1978 1853 Fr.
2004 1785 2177 1854 Fritzschii
2262 1775 2266 1790 ’

349 1909 492 1998 opinioni
510 1903 719 1983 tribuendum
739 1903 793 1986 sit,
815 1904 874 1992 'qui
893 1903 1172 1992 Thesmophqrss.
1193 1907 1407 1973 659-666
1428 1905 1559 1994 propria
1578 1905 1717 1994 quadam
1739 1905 1863 1972 ratione
1880 1905 2070 1974 emendatos
2089 1917 2178 1974 recte
2306 1929 2318 1946 ⁸

296 2018 300 2026 ’
350 2031 469 2118 opponi
489 2051 550 2095 rsa.
571 2004 966 2112 699-706opinctur.
1024 2021 1092 2090 Sed
1118 2021 1297 2090 omittimus
1320 2035 1355 2090 et
1380 2025 1459 2092 haec
1483 2037 1517 2091 et
1533 2009 1625 2113 xq'uae
1649 2019 1884 2114 praeterca'de
1908 2035 1977 2092 toto
2002 2025 2064 2094 hoc
2088 2025 2178 2094 'Phc-

352 2149 478 2238 smcph.
495 2149 640 2216 carmine
657 2169 734 2212 sane
753 2145 805 2212 hic
825 2141 967 2210 dicenda
984 2155 1110 2226 essent,
1137 2165 1237 2232 quum
1257 2154 1290 2210 et
1309 2143 1440 2232 longam
1466 2145 1524 2210 sibi
1554 2145 1633 2227 haec
1658 2169 1708 2212 res
1732 2145 1983 2234 disputationem
2010 2159 2121 2234 poscat
2145 2157 2179 2216 at

350 2273 420 2338 lore
437 2291 617 2358 speremus,
645 2281 680 2333 ut
698 2266 761 2332 alio
779 2265 850 2332 loco
867 2263 1050 2330 accuratius
1068 2263 1100 2330 iu
1119 2262 1202 2330 hanc
1221 2287 1290 2332 rem
1308 2266 1475 2354 inquirere
1495 2267 1584 2332 nohis
1600 2267 1704 2332 liceat.
1719 2303 1769 2318 --
1800 2265 1972 2334 Postremo
1986 2279 2047 2334 non
2063 2267 2179 2333 omitto

221 2430 228 2438 -
275 2449 278 2458 .
350 2395 429 2458 Aac.
451 2411 599 2456 versuum
622 2393 708 2467 426,
737 2390 822 2463 427.
850 2387 937 2466 428,
963 2387 1034 2452 429
1061 2395 1128 2452 tres
1154 2385 1280 2474 priores
1303 2385 1443 2466 dochmii
1470 2385 1605 2453 formam
1631 2387 1768 2468 habere,
1800 2409 1977 2476 amnesque
2002 2398 2179 2476 quatuora

350 2510 541 2609 qpihusdam
568 2506 1048 2602 paodqchmiishabitosesse,
1074 2527 1155 2594 quos
1172 2507 1213 2572 ab
1230 2504 1291 2572 hac
1308 2507 1460 2594 opinione
1477 2519 1626 2573 avertere
1643 2517 1780 2595 quartas
1798 2529 1910 2599 versus
1926 2507 2075 2574 debebat.

503 2630 607 2695 Venio
625 2626 665 2694 ad
685 2629 841 2692 malacum
858 2645 1032 2690 numerum.
1086 2625 1168 2690 Eius
1186 2649 1286 2712 quum
1306 2638 1373 2693 tres
1391 2637 1521 2693 exstent
1540 2627 1674 2704 formae,
1700 2627 1859 2694 alterutra
1877 2627 1941 2694 arsi
1959 2628 2076 2709 soluta,
2096 2649 2178 2694 nun·

351 2775 446 2840 quam
465 2749 552 2840 apud
572 2747 819 2836 Aristophanem
840 2746 947 2811 iareni
966 2769 1020 2811 eas
1038 2745 1097 2812 sibi
1115 2745 1278 2833 oppositas
1296 2745 1433 2828 formas,
1460 2770 1543 2836 quae
1563 2748 1702 2835 primum
1722 2757 1756 2813 et
1773 2759 1926 2835 quartum
1946 2770 2103 2836 paeonem
2122 2770 2179 2814 ex-

352 2859 494 2951 hibeant,
522 2892 628 2959 neque
645 2868 801 2935 creticum
822 2876 901 2954 puto
920 2887 993 2931 curn
1013 2875 1131 2953 quarto
1150 2887 1274 2952 paeone
1293 2867 1472 2954 permutari
1493 2891 1596 2956 posse,
1623 2867 1665 2934 de
1684 2889 1748 2957 quo
1767 2867 1851 2934 inira
1869 2865 2008 2934 dicetur.
2062 2869 2180 2936 Restat

352 2995 473 3082 igitur,
501 3001 537 3058 ut
554 3001 612 3056 aut
629 2986 761 3055 eaedem
781 3009 910 3074 semper
928 2985 986 3052 sibi
1006 2984 1129 3052 iormae
1148 2985 1382 3073 respondeant,
1408 2999 1465 3052 aut
1489 2987 1584 3074 primi
1610 2987 1741 3075 paeonis
1766 2987 1837 3054 loco
1863 2989 2004 3054 creticus
2028 3001 2180 3076 ponatur,

353 3113 439 3202 quad
459 3113 556 3180 etiarn
577 3111 680 3198 ipsum
700 3130 774 3174 suas
792 3105 889 3172 habet
906 3105 1118 3198 conditiones.
1170 3107 1240 3172 Iam
1262 3129 1338 3173 vero
1355 3107 1467 3174 cretici
1485 3106 1620 3173 alterius
1637 3107 1718 3174 arsis
1734 3108 1886 3196 quoniam
1908 3121 1972 3174 tarn
1994 3109 2108 3175 crebra
2131 3119 2181 3180 est

352 3232 481 3314 solutio,
510 3243 545 3296 ut
564 3209 717 3296 nonnulla
736 3225 880 3294 carmina
901 3227 952 3292 aix
972 3223 1135 3292 diiudices'
1148 3235 1257 3296 utrum
1277 3229 1432 3316 paeonico
1450 3251 1489 3293 an
1508 3228 1631 3294 cretico
1649 3251 1785 3294 nurnero
1802 3229 1866 3294 sint
1884 3229 2021 3318 scripta:
2047 3231 2179 3317 paeoni·

352 3376 463 3420 rorum
490 3366 619 3441 quoque
645 3371 796 3416 versuum
824 3348 855 3413 ia
881 3347 940 3414 hac
963 3347 1005 3414 dc
1028 3327 1151 3414 crelico
1176 3369 1313 3414 numero
1338 3348 1556 3438 disputatione
1581 3349 1739 3414 rationem
1766 3334 1942 3415 habeamus
1966 3371 2095 3416 necesse
2118 3361 2180 3430 est,

353 3495 502 3562 quaeque
519 3471 579 3537 hoc
599 3481 703 3536 metro
723 3463 896 3535 rideantur
913 3468 1055 3533 carmina
1075 3467 1251 3554 composita
1271 3491 1361 3547 esse,
1389 3467 1478 3556 prius
1496 3479 1529 3533 et
1547 3468 1770 3556 significemus
1787 3481 1821 3536 et
1841 3491 2075 3536 recenseamus·
2232 3559 2234 3568 ‚

507 3593 615 3658 Notus
632 3601 682 3656 est
700 3589 789 3656 locus
809 3588 907 3674 Vesp.
928 3610 987 3652 vsa.
1019 3591 1173 3656 1275-
1188 3595 1301 3666 12823
1341 3591 1493 3656 1284-
1508 3597 1603 3656 1290
1628 3589 1691 3654 iam
1717 3591 1757 3654 ab
1784 3589 2028 3678 Hephaestione
2052 3589 2180 3655 allatus.

353 3716 437 3781 Sunt
455 3724 528 3779 octo
547 3709 729 3777 tetrametri
747 3707 927 3774 catalectici
946 3717 979 3772 et
997 3729 1081 3772 unus
1099 3707 1282 3774 trochaicus
1300 3718 1501 3774 tetrameter.
1557 3709 1594 3774 ln
1614 3709 1814 3797 antistropha
1842 3709 1965 3798 primus
1988 3719 2181 3799 tetrameter
2209 3725 2214 3740 ¹

353 3832 486 3902 excidit.
539 3830 720 3896 Paeonicos
737 3849 806 3894 esse
826 3827 882 3892 hos
900 3847 1012 3892 versus
1030 3837 1063 3892 et
1080 3826 1202 3915 syllaba
1222 3850 1341 3915 anceps
1357 3841 1455 3917 atque
1478 3827 1587 3895 hiatus
1608 3829 1639 3894 in
1666 3851 1779 3894 sersus
1804 3830 1868 3895 fine
1892 3829 2050 3896 admissus
2073 3829 2182 3911 docet,

345 3965 386 4021 'et
403 3949 491 4042 quod
511 3950 618 4026 nullus
636 3961 685 4017 est
701 3949 843 4015 creticus
861 3946 1056 4011 admixtus·
1090 3946 1235 4012 Caesare
1255 3948 1285 4012 in
1305 3947 1436 4036 stropha
1455 3949 1573 4029 semel,
1602 3950 1632 4014 in
1658 3949 1858 4038 antistropha
1885 3953 1935 4016 ter
1963 3951 2113 4016 violatur.
2133 3987 2181 3998 —
2311 3965 2315 3975 '

355 4073 502 4140 Alterum
530 4069 676 4159 paeonici
701 4069 828 4133 numeri
853 4066 1038 4154 exemplum
1058 4077 1107 4132 est
1124 4067 1272 4134 Achcrn.
1300 4091 1359 4134 rsa.
1385 4076 1451 4135 97t
1466 4075 1618 4146 -986;
1653 4077 1725 4138 988
1740 4077 1881 4140 -998.
1941 4069 2182 4158 Antistrophics

355 4193 431 4260 haec
449 4213 520 4258 esse
537 4180 776 4256 accuratissima
798 4187 964 4276 responsio
983 4186 1091 4270 docet,
1118 4209 1218 4277 quum
1237 4197 1272 4254 et
1290 4185 1403 4252 eodem
1424 4186 1494 4253 loco
1512 4188 1624 4254 cretici
1639 4188 1733 4278 positi
1753 4189 1816 4256 sint
1834 4200 1932 4279 atquc
1951 4199 2018 4256 tres
2035 4189 2182 4279 paeonici

353 4313 503 4392 dimetri,
529 4321 562 4376 et
581 4321 720 4398 utroque
739 4308 809 4374 laco
827 4330 941 4375 norem
961 4308 1108 4396 paeonici
1127 4308 1308 4376 tetrametri
1327 4318 1504 4395 sequantur
1522 4305 1634 4374 addito
1659 4307 1824 4376 trochaica
1850 4319 2040 4376 tetrametro
2062 4309 2184 4376 catale-

352 4435 445 4501 ctico.
490 4427 625 4507 Quodsi
644 4451 756 4496 rerum
776 4439 835 4509 est,
853 4427 1121 4518 antistrophicam
1141 4452 1210 4496 esse
1230 4429 1288 4494 hoc
1306 4421 1449 4508 carmen,
1468 4449 1530 4493 non
1549 4427 1654 4494 solum
1673 4427 1832 4495 Brunckii
1850 4430 1960 4518 opinio
1976 4431 2103 4528 corruit
2119 4430 2182 4500 iam
2300 4415 2308 4428 ⁸

355 4557 395 4620 ah
413 4555 608 4622 Hermanno
627 4559 756 4629 notata,
781 4547 837 4614 sed
856 4571 911 4614 eos
928 4570 1059 4636 quoque
1083 4547 1149 4614 lalli
1174 4557 1323 4636 oportet,
1355 4547 1410 4635 qui
1437 4571 1548 4614 versus
1572 4555 1640 4617 971
1672 4547 1838 4636 usquead
1866 4553 1963 4617 rerba
1989 4545 2015 4617 oi
2040 4547 2185 4640 Κύπριδι

353 4673 484 4753 Chore,
511 4670 653 4759 reliquos
671 4665 894 4755 Dicaeopolidi
913 4667 1071 4733 tribuunt.
1127 4671 1212 4735 Nam
1233 4679 1365 4756 praeter
1382 4669 1647 4761 antistrophicam
1669 4669 1825 4737 rationem
1845 4670 1913 4758 ipsa
1938 4674 2098 4742 sententia
2125 4676 2183 4743 lla·

354 4793 461 4881 gitat,
489 4802 524 4857 nt
542 4799 646 4858 totum
666 4787 726 4854 hoc
743 4809 874 4856 carmen
899 4787 1101 4854 semichoriis
1124 4787 1242 4869 detur,
1275 4809 1412 4878 quorum
1438 4791 1577 4857 alterum
1604 4773 1808 4878 incipiatis.
1836 4799 1930 4874 988,
1956 4795 2010 4860 uhi
2035 4795 2183 4862 lacuaaa‘n

355 4935 424 4979 essa
442 4909 647 4979 statuendam
668 4907 868 4974 Ravennatis
885 4906 1046 4994 scriptura
1065 4913 1122 4974 cat
1136 4903 1164 4973 τ’
1181 4909 1365 4976 confirmat.
1385 4913 1389 4921 '
1419 4911 1550 4977 Etenim
1569 4909 1795 4978 semichorium
1812 4923 1989 5002 utrumque
2003 4913 2184 5004 Dicaeopo-

247 5053 252 5062 ·
356 5031 453 5100 lidem
473 5030 736 5119 incipitheatum
755 5025 963 5116 praedicare,
988 5027 1076 5116 quod
1096 5027 1184 5116 pacis
1201 5027 1380 5096 commodis
1398 5029 1539 5112 fruatur,
1566 5029 1665 5119 idque
1683 5031 1727 5096 ita
1747 5031 1877 5098 uberius
1895 5033 2119 5120 persequitur,
2148 5048 2183 5103 ut

355 5153 492 5220 alterum
513 5149 587 5217 helli
606 5147 823 5230 detestabilis,
849 5147 988 5212 alterum
1010 5149 1108 5236 pacis,
1133 5161 1298 5239 tamquam
1319 5149 1477 5216 formosae
1496 5149 1623 5239 puellae
1637 5151 1811 5238 imaginem
1827 5151 1989 5218 exhibeat.
2042 5152 2184 5224 Omnino

355 5273 410 5361 qui
430 5282 612 5361 postremae
631 5269 724 5367 huius
741 5267 894 5335 carminis
913 5267 1014 5356 partis
1031 5269 1214 5336 accuratius
1232 5267 1442 5359 perpenderit
1460 5271 1654 5356 sententias,
1682 5269 1843 5361 modoque
1861 5269 1915 5336 illa
1936 5294 1979 5338 rs.
1996 5279 2069 5343 998
2086 5277 2184 5344 verba

1733 5383 1748 5442 1
1765 5377 1778 5406 s
