4934 6164
481 2973 789 3101 Beretum
816 3001 885 3088 re
905 2985 1003 3090 esso
1023 3005 1243 3090 noane
1267 3005 1473 3131 monor
1496 3004 1615 3094 nano
1642 2985 1898 3098 neem
1917 3009 2160 3114 universi.

328 3170 468 3250 tatem
497 3156 577 3248 nbi
605 3181 759 3242 rumor
794 3152 950 3242 urbem
985 3163 1184 3269 nostrom
1218 3155 1493 3270 pervolavit:
1529 3183 1666 3274 qnnnr
1700 3159 1913 3276 permulti
1948 3162 2030 3249 olii
2065 3169 2163 3250 tum

307 3323 410 3400 'nos
437 3308 517 3427 qni
546 3303 792 3404 Serrinnrii
815 3303 1169 3420 philoiogici'l'e
1196 3287 1440 3424 duoerjinde
1458 3305 1518 3397 nb
1541 3333 1660 3396 enno
1679 3307 2162 3404 olonoccxxxlrl.

326 3488 466 3579 usque
495 3457 554 3551 od
581 3481 748 3544 ιιιιιιιιιιι
776 3451 1253 3544 cloococxxxlx.
1282 3483 1459 3544 eremus
1486 3456 1659 3546 sodales
1690 3487 1780 3548 non
1810 3463 2038 3577 potuimus
2072 3489 2161 3550 non

243 3673 250 3688 ..
325 3609 527 3730 graviter
556 3604 840 3696 commoveri.
896 3603 966 3692 Ac
991 3603 1110 3722 Tibi·
1127 3606 1399 3714 commodine
1417 3635 1513 3700 rem
1533 3608 1717 3698 cessisse
1737 3611 2004 3726 etmnximo
2024 3641 2161 3729 opere

165 3837 176 3844 .
319 3763 571 3870 ·lectomnr‚‘
595 3765 643 3844 et
670 3783 734 3858 ex
761 3755 912 3863 animo
932 3753 1040 3842 Tibi
1069 3755 1365 3870 grntnlomnrz
1379 3745 1524 3846 ¹nobis
1553 3759 1886 3874 incommodius
1903 3763 2053 3875 cessit,
2082 3764 2161 3880 qui

326 3912 410 4000 toli
439 3910 648 3999 orbemnr
678 3915 972 4024 praeceptore
1001 3913 1048 3994 et
1077 3896 1190 3993 doce
1221 3907 1455 4020 otentico,
1484 3907 1621 4024 quoli'
1640 3909 1722 3996 vix
1750 3913 1907 4026 paucis
1936 3911 2031 4002 frui
2051 3927 2161 4002 con-
2230 3935 2236 3994 5

191 4079 201 4088 ‘
318 4063 475 4178 tingit.
533 4061 602 4149 De
632 4057 888 4176 eruditione
914 4049 1061 4172 atque
1081 4055 1287 4144 doctrino
1314 4065 1532 4146 tncemner
1567 4059 1679 4146 sotis
1707 4040 1956 4192 locuuntur
1982 4061 2161 4178 publice
2336 4073 2338 4078 '

328 4241 444 4332 quoe
473 4210 665 4328 posuisti
694 4216 992 4336 monumentor
1049 4191 1114 4294 At
1142 4207 1266 4294 alind
1294 4217 1363 4294 est
1392 4207 1539 4324 ipsum
1566 4195 1664 4312 esse
1683 4209 1875 4322 doctum,
1904 4211 2028 4298 eliud
2047 4213 2161 4300 elios

328 4364 502 4456 dooere.
545 4361 665 4450 Hoc
693 4369 763 4446 est
791 4359 963 4474 dequo
993 4357 1171 4476 egregie
1200 4357 1273 4446 Τιι
1299 4367 1485 4474 praeter
1514 4367 1690 4448 ceteros
1717 4337 1906 4451 meritus
1942 4333 2010 4474 es,
2044 4365 2161 4480 qnod

326 4541 416 4603 non
455 4520 631 4601 tontum
666 4510 899 4598 doctrinae
935 4510 1086 4598 sontes
1119 4507 1362 4624 operuisti,
1396 4508 1476 4600 sed
1510 4509 1648 4602 etiam
1684 4510 1805 4601 riom
1839 4511 2162 4623 monstrandi,

259 4646 266 4654 ⁸
327 4693 417 4784 qne
444 4661 748 4779 unusquisqne
778 4658 953 4776 ingredi
982 4657 1164 4770 debeat,
1192 4650 1466 4776 singulorum
1494 4659 1689 4752 indolem
1716 4687 1772 4748 nc
1799 4659 2161 4780 studio'perspe-

324 4815 460 4925 xisti,
490 4814 687 4900 nitentes
715 4809 956 4922 adiuvisti,
985 4817 1120 4896 verris
1150 4809 1343 4925 denique
1371 4811 1595 4898 exstitisti
1623 4809 1872 4900 studiorum
1894 4811 2160 4901 moderator.

328 4965 451 5084 Quid
479 4965 626 5052 dicem
654 4961 718 5049 de·
738 4987 908 5054 summo
938 4986 1045 5075 ergo
1073 4986 1428 5077 unumquemque
1455 4959 1751 5072 liberalitate,
1779 4961 2016 5075 comitato,
2039 4963 2160 5052 inci-

325 5115 479 5226 litote‚
508 5091 597 5233 qno
626 5113 693 5200 ito
721 5137 874 5198 omnes
903 5110 1142 5226 excepisti,
1171 5121 1222 5198 ut
1250 5109 1348 5198 nisi
1369 5109 1614 5203 doctiorem
1644 5111 1897 5200 dimitteres
1924 5113 2160 5226 nominent,

212 5375 217 5384 .
326 5265 586 5386 omnesqui
615 5261 684 5351 Te
712 5261 951 5374 adiissent,
980 5261 1158 5380 egregie
1188 5270 1234 5350 et
1263 5259 1465 5350 consiliis
1493 5269 1541 5349 et
1575 5259 1788 5350 subsidiis
1823 5259 2160 5354 adiuvarentur.
