4934 6164
175 777 244 848 est,
272 786 409 834 numero
427 787 504 840 vero
522 763 609 830 omni
629 763 707 830 haec
727 763 822 830 rerba
841 757 1051 830 salutarunt.
1104 762 1217 830 Simile
1234 761 1422 852 exemplum
1443 763 1526 830 iulrs
1551 739 1770 832 tractabimus.
1791 859 1793 864 Ι
1831 768 1881 833 lta
1901 729 2022 854 ‚quum'

176 887 270 954 nobis
288 887 437 980 rideatur
452 895 549 974 poeta
568 885 748 974 scripsisse:
773 890 828 949 καλ
845 885 974 980 Κλέονι
990 879 1080 950 ταῦτ’
1098 879 1266 967 ἀγγέλλετε
1280 920 1293 933 ·
1310 879 1490 968 μισόπολιν
1506 879 1597 974 c’r'vdp'
1615 881 1679 972 ἐφ’,
1707 885 1756 952 ὅτι
1772 925 1784 936 ·
1798 884 1894 954 τόνδε
1911 885 2008 970 λόγον

40 1049 44 1062 .
177 1009 331 1097 εἰσέφερε
350 1044 397 1056 -
416 1006 459 1094 μδ]
477 1001 616 1084 δικάζειν
633 1004 722 1079 δίκας
740 1005 901 1092 interpres
919 1014 956 1069 ut
972 1003 1031 1070 ἐπί
1046 1005 1226 1092 explicaret
1243 1014 1277 1071 et
1294 1005 1475 1072 sententiae
1495 997 1829 1086 nexum'ostendereu
1856 1007 1914 1074 ha'c
1929 1029 2006 1075 usus
2028 1001 2030 1006 ’

176 1141 228 1194 est
247 1126 450 1216 paraphrasi:
476 1132 530 1192 καὶ
546 1123 690 1194 κελεύετε
707 1120 809 1192 αάτδν
824 1123 913 1212 ἥκειν
929 1119 972 1199 ὡς
997 1119 1060 1191 ἐπ’
1086 1120 1219 1214 ἄνδρα
1242 1121 1472 1209 μισόπολιν
1497 1119 1578 1192 όντα
1601 1133 1655 1190 καὶ
1678 1122 1915 1212 ἀπολούμενον.
1968 1125 2033 1228 ὥςΙ

176 1260 211 1313 et
231 1243 314 1314 ὄντα
329 1257 441 1334 aperta
460 1256 537 1312 sunt
553 1245 743 1322 scholiastae
762 1245 878 1328 verba,
904 1243 1004 1312 credo
1021 1244 1118 1343 etiam
1136 1252 1190 1312 καὶ
1208 1231 1446 1330 ἀπολυόμενον.
1499 1245 1613 1313 Solent
1629 1219 1717 1312 enim
1738 1246 1782 1312 illi
1803 1259 1916 1336 poetae
1935 1223 2029 1316 aar?

176 1371 257 1434 bum
276 1389 398 1456 ponere
415 1365 570 1456 aliudque
586 1365 730 1432 eiusdem
750 1365 998 1454 significationis
1015 1387 1088 1431 cum
1107 1370 1164 1432 καί
1180 1365 1337 1454 particule
1362 1364 1555 1454 adiungere.
1618 1366 1770 1455 Denique
1794 1364 1890 1435 τόνδε
1913 1349 2010 1452 λόγον

176 1485 297 1576 poetae
314 1497 390 1554 sunt
408 1489 522 1568 verba,
549 1509 632 1574 qnae
650 1483 839 1584 scholiastes
858 1508 920 1552 non
942 1485 1103 1566 venissent
1119 1486 1152 1552 in
1173 1496 1329 1553 mentem:
1356 1485 1550 1552 infinitivum
1567 1497 1675 1552 tamen
1695 1509 1735 1553 ex
1755 1485 1804 1552 his
1819 1511 2009 1577 suspensum

176 1608 293 1674 addito
310 1605 395 1675 δι’στε
412 1606 597 1696 explicavit.
651 1607 722 1672 Vas.
744 1608 831 1688 418,
851 1609 943 1687 419;
973 1593 1103 1674 474-
1116 1609 1188 1674 477
1204 1605 1269 1673 duo
1283 1605 1395 1674 cretici
1409 1605 1553 1672 dimetri.
1608 1607 1679 1673 Vas.
1696 1611 1783 1687 428,
1804 1609 1875 1677 429
1887 1631 1896 1691 ;
1909 1611 2014 1692 ι486,

178 1735 261 1796 tar.
277 1730 352 1794 item
372 1727 437 1793 duo
455 1725 567 1794 cretici
586 1724 733 1792 dimetri:
765 1726 892 1814 primus
914 1727 1055 1793 creticus
1080 1727 1197 1815 paeoni
1224 1726 1408 1816 respondet.
1432 1763 1482 1776 —
1517 1727 1577 1793 Αι.
1604 1751 1664 1793 vas.
1691 1729 1778 1808 410,
1806 1731 1896 1812 411;
1925 1732 2011 1814 412,

179 1851 256 1917 413
276 1859 343 1915 tres
359 1847 472 1914 cretici
490 1847 568 1912 dim.
587 1843 661 1918 cum
680 1846 840 1925 anacrusi.
903 1847 1009 1914 Recte
1027 1847 1113 1913 enirn
1140 1847 1179 1916 Ο.
1199 1847 1366 1935 Reisigius
1384 1845 1426 1912 de
1444 1846 1673 1935 antistrophica
1693 1839 1789 1914 huius
1808 1848 1868 1916 loci
1886 1852 2011 1918 ratione

176 1969 304 2034 statuit.
332 2006 379 2018 —-
412 1965 604 2056 Anepaestis
628 1965 810 2054 spondiacis
834 1966 1015 2054 interpositi
1042 1976 1128 2065 sunt*
1141 1967 1254 2034 cretici
1281 1991 1341 2033 vas.
1373 1972 1529 2037 1065-
1544 1975 1638 2036 1066
1664 1978 1698 2034 et
1728 1976 1880 2037 1069-
1899 1979 2010 2056 1071;

182 2085 448 2158 1096-1096
468 2099 503 2155 et
526 2093 800 2156 1099--1101-
861 2085 1033 2153 Postrema
1060 2079 1234 2176 expediti,
1267 2086 1326 2153 nisi
1352 2086 1439 2176 quod
1465 2085 1552 2154 God.
1578 2082 1764 2154 Harmanui
1789 2091 2010 2160 emendationi

177 2187 346 2298 harolduep
363 2204 406 2287 ἀν
422 2191 515 2275 saiw
527 2206 629 2274 altera
644 2201 748 2274 πάνθ’
766 2204 894 2296 ὅσαπερ
913 2205 1005 2274 ἔστιν
1022 2206 1236 2294 praeferenda
1255 2207 1395 2274 videtur.
1448 2207 1567 2274 Priora
1586 2219 1693 2274 tamen
1714 2210 1819 2299 magis
1837 2210 1947 2294 dubia,
1965 2216 2008 2280 si·

176 2331 311 2423 quidem
339 2353 401 2396 uon
434 2329 512 2396 sutis
541 2338 668 2394 certum
692 2338 749 2400 ‚est
779 2326 867 2416 quod
894 2331 936 2395 G.
962 2320 1176 2394 Hermannus
1201 2329 1371 2417 proposuit
1394 2327 1417 2394 δι
1438 2327 1604 2416 ἐφειμένον
1625 2329 1754 2419 καρπὸν
1777 2325 2007 2416 ἀποβόσκεται.

175 2457 221 2520 G.
242 2450 433 2519 Diodorlius
450 2448 530 2517 edit.
551 2447 646 2516 Paris
662 2448 791 2536 scripsit
809 2453 845 2515 ol*
857 2444 955 2514 πάντ’
973 2423 1198 2534 αὐξανόμενον
1215 2449 1367 2535 δένδρεσί
1380 2444 1408 2514 τ’
1426 2446 1609 2537 ἐφεζόμενοι
1633 2448 1763 2540 καρπόν
1788 2447 2007 2538 ἀποβόσκεται

174 2573 266 2662 quod
287 2573 393 2640 nescio
412 2593 489 2637 num
508 2568 744 2664 emendationis
761 2569 935 2658 probabilis
953 2569 1061 2657 inopie
1079 2569 1258 2658 receperit,
1283 2591 1324 2636 au
1344 2569 1388 2636 ita
1407 2568 1471 2636 dici
1489 2592 1583 2659 posse
1601 2593 1688 2637 nuuc
1712 2593 1842 2660 quoque
1865 2585 2007 2641 censeat.

176 2701 290 2783 Atque
308 2684 401 2760 rided
419 2715 496 2758 sane
513 2689 596 2760 hauc
614 2700 812 2758 structuram
831 2690 929 2756 edam
947 2689 1018 2756 aliis
1035 2691 1179 2778 probari,
1205 2713 1286 2780 quos
1303 2700 1411 2757 tamen
1431 2689 1463 2756 in
1482 2713 1521 2760 eo
1539 2679 1619 2773 lalli,
1646 2691 1802 2780 nulloque
1820 2692 1915 2760 modo
1933 2694 2007 2782 ἐφε-

176 2813 300 2900 ζόμενοι
321 2825 408 2880 strue
438 2835 548 2901 posse,
581 2811 740 2902 oppositio
775 2811 947 2878 verborum
979 2809 1016 2878 ἒν
1040 2815 1118 2898 γαίᾳ
1148 2809 1262 2893 docet,
1294 2810 1467 2876 anamlne
1490 2809 1545 2877 illa
1569 2821 1702 2898 praeter
1729 2809 1816 2878 God.
1841 2815 2007 2884 Herman-

176 2961 255 3004 num
276 2935 353 3002 satis
371 2943 550 3023 perspecta.
602 2930 771 2998 Sententia
789 2954 859 2997 esse
876 2931 988 2998 debet:
1014 2930 1214 3013 animalium,
1240 2954 1324 3020 quae
1342 2954 1454 2998 omnes
1471 2941 1505 2998 et
1523 2932 1553 2996 in
1574 2909 1664 2998 terra
1682 2911 1725 2998 eu¹
1742 2931 1856 3022 calyce
1870 2959 2008 3026 proger-

176 3061 339 3124 minantes
356 3066 391 3122 et
407 3054 576 3120 arboribus
595 3051 799 3120 inhaerentes
817 3052 943 3118 fructus
960 3051 1192 3141 depascuntur.
1246 3051 1398 3139 Denique
1416 3052 1522 3139 primo
1541 3074 1635 3118 versu
1656 3075 1729 3119 rere
1749 3053 1819 3121 sine
1843 3053 1942 3123 dubio
1960 3071 2009 3127 est

177 3178 326 3246 Dobraei
344 3174 529 3242 emendatio
547 3169 750 3260 πολομάγοις
775 3171 806 3237 in
825 3169 1015 3260 παμφάγοις
1032 3150 1268 3247 convertentis:
1294 3171 1380 3238 illud
1400 3173 1485 3238 enim
1512 3193 1552 3238 eo
1580 3173 1686 3239 minus
1709 3171 1762 3242 hic
1785 3174 1864 3242 lerri
1889 3189 2007 3266 potest,

174 3299 265 3388 quod
285 3309 318 3364 et
338 3295 449 3364 ultima
475 3291 700 3382 praecedentis
723 3304 757 3358 et
780 3293 884 3379 prima
909 3293 1049 3380 proximi
1074 3293 1188 3358 cretici
1213 3291 1316 3358 soluta
1344 3304 1437 3358 esset.
1498 3291 1595 3368 Quod
1620 3315 1698 3360 vero
1721 3317 1819 3400 supra
1846 3295 2007 3384 dicebam,

174 3439 343 3506 nunquam
363 3415 482 3503 opponi
499 3413 620 3481 cretico
638 3423 792 3502 quartum
808 3435 979 3501 paeonem,
1005 3411 1047 3480 de
1063 3435 1103 3480 eo
1119 3435 1205 3479 nunc
1218 3413 1402 3480 accuratius
1416 3397 1523 3500 pladet
1537 3412 1715 3502 disputare.
1766 3418 1875 3506 Atque
1889 3433 2008 3508 quarto

174 3540 294 3629 paeoni
314 3537 366 3604 ubi
394 3533 588 3623 respondent
612 3534 754 3623 primus,
788 3533 911 3600 nullum
937 3555 989 3600 me
1018 3533 1130 3622 legere
1153 3533 1285 3600 memini
1309 3533 1513 3622 exemplum:
1543 3533 1799 3602 Acharnensium
1824 3539 1909 3606 enim
1937 3541 2008 3608 loco

172 3661 363 3726 coniectura
382 3655 514 3723 demum
533 3653 611 3720 satis
629 3664 665 3720 ut
683 3653 821 3720 vidimus
838 3653 1041 3742 improbabili
1067 3653 1120 3720 illa
1140 3654 1306 3742 responsio
1324 3653 1413 3720 illata
1432 3664 1492 3721 est.
1546 3653 1737 3722 Primitivus
1755 3669 1862 3724 autem
1884 3660 2007 3730 lormae

173 3782 299 3848 cretico
317 3789 367 3845 ter
386 3776 445 3842 nisi
465 3774 558 3842 lallor
577 3775 676 3863 possit
700 3797 802 3862 paeon
830 3784 967 3863 quartus
990 3774 1157 3862 oppositus
1184 3772 1295 3840 videri.
1355 3773 1466 3840 Unum
1492 3773 1678 3863 exemplum
1706 3776 1802 3842 modo
1827 3780 2006 3864 attulimus,

172 3901 315 3967 alterum
334 3907 383 3964 est
401 3897 434 3962 in
452 3895 578 3962 Eccles.
596 3895 742 3961 carmine
759 3893 846 3983 quod
866 3893 979 3982 incipit
997 3918 1042 3960 va.
1064 3901 1151 3976 952,
1169 3895 1298 3962 antistr.
1318 3919 1363 3962 rs.
1379 3887 1469 3965 960.
1522 3895 1622 3970 Ιοί1ἰο
1647 3895 1713 3962 duo
1738 3899 1850 3964 cretici
1874 3898 2004 3970 dimetri

173 4018 374 4111 positi'sunt,
391 4038 531 4105 quorum
549 4016 633 4082 alter
650 4015 832 4104 strophlcus
851 4014 934 4082 hanc
950 4011 990 4080 όν
1007 4039 1052 4080 ο-
1072 4011 1149 4080 -ὀ-
1168 4014 1422 4103 antistrophicus
1439 4015 1522 4082 hanc
1541 4011 1620 4082 -‘o-
1638 4012 1722 4082 όοο-
1740 4013 1838 4085 habet
1856 4019 2005 4090 sormam.
2103 4079 2109 4088 .

173 4139 319 4208 Restitui
336 4147 489 4206 accurata
508 4136 673 4224 responsio
691 4135 792 4224 possit
809 4135 1012 4225 transpositis
1028 4133 1180 4224 strophae
1200 4136 1306 4218 verbis
1323 4133 1418 4226 desipui
1434 4161 1491 4221 μοι
1515 4137 1614 4224 φίλον
1636 4133 1717 4222 ἐμόν
1739 4134 1826 4226 quod
1852 4143 1894 4206 G.
1914 4143 2005 4210 Her-

171 4283 313 4330 mannus
331 4258 499 4328 dubitabat
515 4279 556 4324 an
576 4255 827 4345 praeferendum
846 4268 941 4324 esset.
995 4233 1099 4323 Nobis
1116 4266 1224 4322 tamen
1244 4278 1351 4346 neque
1363 4256 1542 4324 mutatione
1555 4279 1636 4345 opus
1649 4281 1718 4323 esse
1732 4256 1874 4341 ridetur,
1900 4283 2006 4353 neque
2024 4314 2028 4322 .

170 4385 296 4448 lurmas
312 4379 383 4446 illas
400 4378 624 4445 existimamus
639 4355 836 4466 sibi'opponi
855 4401 963 4466 possea
991 4376 1070 4443 illud
1090 4399 1167 4442 vero
1184 4376 1271 4467 quod
1290 4384 1393 4466 supra'
1414 4378 1445 4444 ln
1471 4359 1629 4444 dochmiis
1652 4375 1942 4449 animadvertimus
1966 4409 2005 4452 en

169 4499 338 4569 interdum
358 4498 484 4566 ratione
501 4497 626 4564 institui
645 4498 905 4586 responsionem,
933 4509 969 4565 ut
988 4498 1078 4586 prior
1095 4495 1226 4564 dimetri
1245 4497 1413 4564 dochmius
1433 4499 1463 4563 in
1483 4497 1613 4586 stropha
1633 4497 1727 4564 alteri
1754 4500 1950 4587 respondeat
1974 4506 2004 4571 in

169 4620 395 4709 antistropha,
420 4632 534 4686 eontra
552 4617 786 4706 antistrophico
804 4619 905 4706 priori
924 4618 1107 4707 strophlcus
1121 4617 1217 4701 alter,
1243 4618 1357 4686 euclem
1378 4619 1474 4686 modo
1500 4619 1679 4685 in·cretico
1704 4641 1841 4686 numero
1865 4623 2003 4692 arbitra-

169 4765 249 4810 mur
267 4741 319 4808 hic
336 4763 406 4808 esse
423 4739 556 4806 lactum.
609 4731 756 4806 Videant*
768 4737 872 4826 igitur
890 4739 949 4804 riri
969 4737 1075 4822 docti,
1102 4761 1179 4817 num
1199 4737 1240 4805 de
1264 4737 1423 4806 eiusmodi
1449 4739 1480 4804 lu
1507 4740 1714 4828 responsione
1739 4739 1884 4828 chrbsnro
1907 4765 2002 4831 quem

168 4860 341 4952 appellare
359 4859 459 4942 lubet,
485 4858 696 4948 probabiliter
713 4881 732 4926 a
751 4859 842 4925 uobis
860 4857 1060 4948 disputatum
1079 4859 1133 4942 sit,
1150 4859 1285 4948 eiusque
1304 4883 1381 4927 usus
1397 4860 1496 4927 etiam
1515 4859 1613 4928 latius
1630 4860 1767 4927 fortasse
1779 4871 1898 4948 pateat.
1939 4865 2002 4930 Ce-

148 4957 280 5050 'arom
298 4979 349 5045 bis
367 4989 535 5066 praeterea
552 4979 585 5046 in
604 4978 664 5046 hoc
681 4979 826 5046 carmine
845 5002 947 5067 paeon
967 4991 1104 5069 quartus
1122 4989 1297 5068 usurpatus
1322 4991 1371 5048 est
1396 5004 1441 5046 rs.
1462 4987 1535 5052 958
1553 4984 1654 5066 μέθες
1677 4979 1829 5066 ἱκνοῦμαί
1850 4975 1882 5047 o?
1897 4977 2004 5072 Ἔρως

167 5121 256 5191 quae
274 5099 374 5164 rerba
392 5097 424 5164 iu
442 5099 643 5189 antistropha
660 5110 889 5188 repetuntur„
907 5083 941 5166 et
964 5123 1011 5168 vs.
1038 5109 1111 5170 962
1137 5100 1336 5168 καταπεσὼν
1357 5105 1509 5186 κείσομαι
1532 5125 1617 5192 quae
1640 5110 1734 5169 extra
1761 5101 2002 5190 responsionem

168 5221 275 5309 posits
295 5239 370 5286 esse
387 5218 425 5286 O.
442 5220 612 5312 Reisiglus
628 5229 760 5305 censet,
784 5219 949 5310 stropham
968 5245 1039 5290 esse
1056 5220 1292 5290 emendandam
1311 5225 1356 5291 G.
1378 5223 1592 5292 Hermannus
1608 5223 1796 5290 arbitratur.
1850 5221 2003 5294 'l'ertium
2041 5279 2049 5288 .
