4934 6164
1219 347 1245 384 Ἰ

298 840 300 844 ,
385 801 459 865 pren
478 779 584 846 oblata
603 777 645 852 de
662 777 733 845 aliis
750 797 881 867 quoqne
893 777 1011 844 metris
1027 775 1186 867 quaedam
1206 776 1456 844 immiscebimus
1474 775 1578 866 magis
1595 775 1726 866 quidem
1745 801 1782 846 ea
1800 781 2023 870 significantes
2040 805 2137 872 quarn
2155 803 2209 852 ao·
2284 769 2285 774 ἵ

383 889 529 968 curatius
546 907 795 988 pertractantes.
815 935 864 948 —-
891 897 1131 966 Monometrum
1150 896 1394 966 acatalectioum
1419 895 1508 985 apud
1533 897 1780 989 Aristophanem
1801 921 1966 990 nunquam
1993 899 2120 986 iriveni,
2147 903 2208 970 nisi

371 1013 533 1106 ‚trimeter
550 1020 582 1086 in
601 1018 777 1086 dimetrum
796 1016 1010 1086 distribuatur
1026 1027 1125 1107 atque
1143 1029 1394 1100 monometrum,
1412 1039 1519 1105 neque
1536 1039 1611 1084 eom
1630 1029 1709 1106 puto
1727 1019 1759 1086 in
1779 1043 1839 1086 usu
1858 1021 1956 1090 inisse
1974 1022 2034 1090 nisi
2048 1021 2209 1091 choriam-
2331 1071 2334 1078 ,

300 1225 302 1232 y
368 1137 431 1204 ‘his
449 1138 686 1228 interpositum.
738 1137 876 1206 Accedit
894 1139 997 1227 igitur
1015 1161 1133 1206 novum
1151 1148 1384 1228 argumentum
1403 1137 1444 1204 ad
1463 1161 1502 1205 ea
1520 1133 2206 1236 quaesnpraattnlimusquum-deErana.
2318 1166 2321 1172 ·
2406 1203 2409 1210 .

349 1277 351 1284 ’
384 1257 557 1326 Fritaschii
574 1259 762 1327 coniectura
778 1256 821 1325 ad
839 1257 1038 1348 Thesmoph·
1057 1281 1102 1326 rs.
1122 1265 1194 1327 966
1214 1257 1468 1347 disputabamus.
1521 1259 1627 1326 Recta
1646 1259 1748 1348 igitur
1772 1271 1894 1328 etnon
1919 1263 1961 1328 oh
1983 1285 2054 1330 eam
2081 1269 2212 1330 tantum'
2306 1298 2308 1311 ·

382 1399 528 1446 caussam
546 1379 637 1448 Guil.
656 1377 849 1464 Diodortius
869 1379 954 1446 Rau.
973 1369 1019 1444 rs.
1038 1386 1110 1447 978
1130 1371 1169 1444 οὗ
1187 1383 1305 1465 σοφίαι
1321 1390 1354 1446 et
1374 1403 1409 1446 vs
1428 1386 1500 1447 709
1521 1381 1581 1446 νύν
1597 1379 1740 1462 ἐνοχλῶν
1756 1379 1797 1446 ad
1812 1381 2062 1470 praecedentem
2079 1405 2228 1450 versum*

293 1505 298 1526 ¹
383 1498 563 1592 traxit-
590 1497 699 1566 Semel
718 1498 882 1564 invenitor
901 1507 1103 1564 monometer
1120 1483 1194 1564 c'urn
1218 1499 1353 1566 iambica
1378 1499 1446 1572 basi
1472 1498 1605 1566 Thesm.
1633 1523 1677 1566 vs.
1705 1507 1794 1582 99-23
1829 1507 1915 1574 997.
1974 1501 2084 1568 Semel
2108 1503 2237 1576 etiam,

199 1627 202 1634 '
252 1687 259 1700 ,
382 1617 495 1685 addito
512 1617 597 1707 pe'de
615 1619 751 1686 iambico
769 1619 867 1706 Veap.
889 1624 981 1698 8733
1009 1626 1095 1688 890.
1149 1618 1224 1684 Duo
1243 1618 1338 1686 huius
1355 1617 1479 1686 formae
1498 1629 1602 1686 metra
1619 1620 1792 1688 coniuncta
1810 1631 1886 1688 sunt
1904 1621 2030 1689 Eccles.
2049 1645 2096 1688 vs.
2117 1625 2207 1702 9413

384 1741 470 1808 946.
522 1737 770 1806 Choriambicus
788 1747 991 1806 monometer
1009 1737 1301 1829 hypercatalectus,
1326 1739 1381 1828 qni
1395 1737 1570 1806 diiambum
1590 1761 1650 1828 pro
1665 1740 1855 1808 choriambo
1868 1739 1998 1824 habeat,
2017 1739 2119 1808 rideri
2134 1765 2207 1831 pos·

274 1891 280 1900 ·
333 1863 337 1870 '
382 1859 447 1926 sint
481 1860 738 1928 esseNub.ras.
759 1867 846 1940 701,
866 1860 957 1935 704:
985 1865 1074 1940 806;
1103 1865 1257 1927 808.-
1279 1851 2206 1950 'Usitatiorestmonometerhypercatalectuscumano·

381 1979 487 2062 orosi,
513 1979 569 2068 qui
587 1979 780 2068 plerumque
797 1977 941 2046 clausula
959 1988 1009 2046 est
1025 1980 1209 2068 systematis
1226 2001 1267 2046 ex
1287 1979 1587 2046 monometriscum
1607 1979 1757 2046 anacrusi
1775 1990 1809 2046 et
1827 1979 1963 2046 iambico
1981 1979 2065 2068 pede
2089 1981 2121 2048 in
2141 1983 2206 2049 fine

381 2099 568 2168 constantis.
620 2100 754 2166 Iambus
770 2120 900 2188 semper
917 2121 1019 2188 purus
1035 2111 1197 2190 servatur,
1222 2098 1388 2166 anaornsis
1404 2107 1439 2165 et
1457 2098 1552 2186 longa
1572 2109 1605 2165 et
1623 2099 1729 2166 brevis
1746 2122 1816 2165 esse
1833 2110 1867 2166 et
1884 2097 1916 2166 iri
1936 2101 2143 2188 responsione
2160 2103 2207 2170 al-

381 2231 452 2287 tera
470 2219 565 2286 alteri
582 2218 652 2286 sine
670 2217 855 2286 discrimine
873 2219 991 2308 opponi
1013 2229 1129 2307 potest.
1182 2219 1265 2285 Eius
1283 2218 1407 2300 lormae
1424 2218 1573 2306 exempla
1591 2217 1671 2286 haec
1693 2229 1780 2285 sunt.
1831 2219 1947 2306 Epur't.
1969 2243 2028 2286 uss.
2051 2213 2206 2290 1111-

385 2345 500 2420 11803
531 2345 687 2409 1181-
699 2341 807 2417 1,160.
858 2338 945 2405 Sunt
962 2348 1104 2428 quatuor
1119 2347 1230 2427 partes
1247 2337 1383 2406 invicem
1402 2337 1462 2404 sibi
1480 2359 1592 2404 omnes
1611 2338 1856 2428 respondentes,
1881 2361 2020 2428 quarum
2041 2363 2205 2430 unaquae-

378 2483 444 2550 que
462 2460 536 2526 bina
552 2457 651 2527 habet
667 2469 844 2548 systemata
861 2481 936 2526 cum
954 2457 1097 2524 clausula
1114 2457 1341 2526 choriambico.
1393 2435 1817 2542 nonomen—'4⁵33
1846 2461 2073 2530 too-459.
2127 2459 2205 2527 'Pri-
2259 2457 2262 2462 ’

381 2583 441 2648 bus
458 2580 669 2650 monometris
685 2578 817 2645 additur
834 2576 1051 2644 choriambico
1068 2555 1223 2645 clausola.
1276 2579 1405 2645 Ecclea
1421 2586 1652 2660 aso-2993
1681 2584 1751 2648 801
1764 2586 1907 2649 -atu
1959 2580 2113 2670 Quinque
2129 2593 2206 2648 sunt

378 2711 573 2790 systemata,
598 2689 633 2767 in‘
649 2721 788 2788 quorum
807 2719 937 2788 quoqne
952 2707 1098 2786 utsupra
1114 2697 1247 2764 ultimos
1261 2719 1371 2766 versus
1383 2682 1526 2766 clausula
1541 2708 1600 2764 est·
1652 2695 1684 2764 α’
1697 2707 1838 2788 quatuor
1854 2722 1976 2783 versus,
2001 2697 2035 2786 β’
2049 2701 2206 2790 quinque,

268 2841 272 2850 ¹
379 2821 406 2906 γ’
425 2835 510 2906 tres,
535 2819 566 2888 δ’
581 2831 743 2910 ιμιοιιιοι,
766 2816 791 2887 ε’
809 2828 951 2907 quatuor
969 2839 1080 2885 versus
1097 2817 1253 2886 continet.
1305 2819 1430 2886 Versus
1446 2815 1623 2884 secondum
1643 2827 1677 2884 et
1695 2819 1828 2884 tertium
1846 2817 2080 2908 antistrophae,
2105 2837 2205 2910 quar-

381 2957 449 3010 tum
468 2942 668 3031 etqointum
687 2939 840 3029 strophae
858 2947 948 3006 recte
960 2939 1159 3027 transposuit
1175 2939 1219 3006 R.
1234 2937 1415 3006 Personas:
1441 2935 1474 3002 id
1492 2937 1578 3003 anim
1597 2959 1698 3026 quum
1717 2949 1859 3006 metrum
1879 2949 1947 3006 tum
1967 2941 2133 3028 responsio
2147 2963 2204 3030 po·

379 3061 490 3132 notat.
543 3063 598 3129 Vs.
628 3065 671 3130 15
697 3057 917 3148 antistroph'ae
939 3041 1064 3147 legitur
1088 3057 1212 3147 syllaba
1235 3056 1400 3126 dificiante
1422 3063 1477 3122 sal
1500 3053 1558 3124 δύο
1582 3053 1733 3146 κρομμύω
1757 3031 1846 3146 quod
1873 3059 2084 3146 probabiliter
2108 3059 2204 3128 video
2301 3103 2305 3120 .

371 3184 419 3251 0.
440 3181 623 3270 Reisigiom
641 3180 674 3246 in
693 3178 889 3268 exemplaris
905 3177 955 3244 sni
973 3179 1123 3267 margine
1140 3177 1321 3246 correxisse
1335 3183 1392 3244 sat
1409 3177 1447 3264 dri
1464 3173 1522 3244 δύο
1539 3175 1691 3267 κρομμύω
1705 3199 1804 3266 quarn
1822 3177 2082 3246 emendationem
2101 3203 2203 3270 quum

274 3357 277 3364 ,
379 3325 443 3370 non
458 3300 674 3369 meminissem
691 3321 743 3366 me
757 3297 874 3366 alicubi
888 3297 1001 3387 legere
1014 3297 1187 3386 prolatam,
1205 3297 1256 3364 hic
1267 3295 1585 3364 commemorandam
1601 3298 1724 3386 putavi.
1738 3335 1786 3348 —
1800 3275 1886 3364 ΙΡοα.
1900 3321 1960 3364 vsa.
1979 3303 2108 3368 866-
2118 3305 2204 3381 858,

380 3427 614 3502 ooo-8623
647 3424 883 3498 909-911,
920 3421 1146 3488 ato-915.
1214 3417 1350 3484 Duobus
1381 3418 1591 3484 monometris
1615 3392 1741 3484 adiecta
1763 3417 1920 3485 clausula.
1944 3455 1995 3471 «-
2030 3419 2114 3486 lbld.
2142 3443 2202 3490 rsa.

331 3537 337 3550 “
379 3543 613 3623 saa-9663
644 3542 738 3608 1086
754 3571 796 3588 -·
811 3541 920 3606 1088.
972 3537 1079 3604 'Pctus
1096 3537 1186 3606 locus
1203 3535 1248 3604 ita
1268 3534 1397 3604 ridetur
1412 3536 1616 3606 scribendum
2203 3560 2208 3570 ¹

796 3704 968 3810 στροφῆ.
1270 3709 1273 3716 ’
1298 3747 1302 3756 ·
1559 3703 1831 3798 ἂντιστροφῆ.

579 3847 709 3920 Ούνοον
734 3844 995 3934 ἆμιλλῆσεσθονς
1023 3819 1064 3924 ὧς
1324 3857 1326 3865 ’
1393 3848 1448 3925 Τίς
1473 3840 1533 3914 osis
1557 3841 1602 3914 civ
1628 3841 1684 3914 ούν
1709 3847 1892 3914 ἐπαινέσει·
1986 3895 1990 3902 -

573 3969 619 4060 ἢν
639 3973 756 4058 Χαῖρις
778 3963 862 4052 ύμᾶς
886 3968 950 4064 ltlp,
1181 3975 1188 3984 '
1387 3993 1424 4036 ιν
1450 3964 1556 4058 ἄνδρα
1577 3971 1732 4036 τοιοῦτον
1755 3965 1811 4034 ὅσ-

572 4087 747 4180 πρύσεισιν
766 4083 906 4176 ,ἄτλητος
928 4083 985 4155 αύ-
1387 4111 1436 4163 τις
1460 4083 1554 4156 πόλλ’
1579 4083 1722 4164 ἀνατλὰς
1748 4087 1827 4153 ἔσω-

573 4214 668 4291 tas,
685 4204 770 4298 κᾷτα
788 4203 868 4296 σάφ’
895 4203 959 4274 old'
984 4205 1033 4273 dm
1389 4225 1429 4274 σε
1453 4209 1513 4295 τὴν
1531 4183 1631 4298 ’ἱερᾶν
1656 4204 1772 4284 πύλαι

505 4397 508 4408 ,
573 4333 724 4419 φυσῶντι
748 4333 803 4394 καὶ
818 4327 1011 4414 πονουμένῳ
1389 4323 1466 4394 ὥστ’.
1492 4321 1563 4408 oripi
1587 4325 1631 4416 μῆ
1656 4323 1779 4394 παύσει
1804 4321 1878 4396 ποτ’
1904 4321 1951 4391 niv

573 4447 785 4540 προσδώσετε
810 4445 925 4535 dimoc.
1389 4447 1525 4536 ζηλωτὸς
1550 4444 1689 4513 ἅπασιν.
1812 4501 1816 4510 .

521 4625 599 4694 Non
617 4620 720 4690 solam
739 4616 965 4686 choriambicis
989 4616 1151 4698 versibus,
1178 4617 1234 4683 aad
1259 4617 1357 4686 etiam
1384 4618 1527 4684 iambicis
1553 4629 1589 4684 ut
1614 4615 1673 4685 hoe
1698 4617 1769 4704 ipso
1793 4615 1864 4684 loco
1887 4615 2032 4684 clausula
2056 4617 2116 4685 ista
2140 4618 2199 4686 nd·
2249 4626 2256 4632 '

340 4779 343 4790 =
373 4746 473 4814 ditur.
542 4742 661 4810 'l'rium
687 4737 901 4806 dimetrorum
930 4735 1139 4802 iambicorum
1166 4737 1334 4824 systemati
1360 4736 1489 4806 adiecta
1512 4749 1564 4804 'est
1599 4735 1740 4806 Acheru.
1767 4757 1828 4804 rsa.
1856 4741 1949 4817 841,
1980 4739 2071 4818 8473
2113 4743 2200 4823 868,

374 4873 459 4938 869.
528 4858 705 4952 systemati
740 4857 952 4924 iambicorum
985 4854 1198 4922 dimetrorum
1233 4858 1452 4945 praepositum
1487 4869 1537 4926 eat
1570 4855 1729 4926 distichon
1764 4877 1805 4922 er
1835 4855 1971 4924 iambico
1998 4855 2150 4930 trimetro
2166 4867 2201 4924 et

370 4981 589 5056 choriambioa
613 4977 756 5048 clausula
783 4985 935 5048 constans
961 4975 1050 5044 Nub.
1078 4997 1139 5042 raa.
1171 4978 1285 5058 13043
1315 4981 1423 5060 1812.
1476 4977 1556 5043 Ῥτίο
1583 4973 1741 5044 eiusmodi
1767 4973 1905 5044 disticha
1931 4977 1963 5042 in
1989 4975 2199 5064 antistrophi-

370 5127 443 5174 oum
470 5099 802 5198 carmanlconinncta
829 5117 900 5164 assa
925 5093 1077 5162 videntne
1105 5095 1194 5162 Nnb.
1222 5099 1587 5178 ιιι.1816-1850;
1620 5101 1897 5166 1891-1896,
1957 5093 2006 5160 Ea
2032 5105 2124 5160 certa
2149 5105 2199 5163 eat

369 5229 412 5294 G·
430 5219 615 5295 Hermaooi
632 5216 814 5300 sententia,
839 5215 880 5284 ab
897 5236 961 5306 qna
980 5225 1088 5284 umen
1107 5212 1315 5284 discedimus.
1367 5217 1408 5284 ln
1437 5215 1550 5284 ultimo
1567 5189 1653 5284 enim
1672 5213 1809 5284 disticho
1826 5228 1927 5303 qaum
1946 5211 2101 5282 librorum
2120 5216 2199 5283 scri·
2267 5237 2274 5250 ·
2322 5311 2325 5316 Ι

1654 5379 1657 5388 .
1744 5327 1765 5388 2
