4934 6164
341 778 407 833 tam
427 767 578 834 existimo
597 739 682 834 iisse
698 761 777 832 crida
800 767 844 854 psi
869 767 991 851 λαβεῖν.
1050 765 1102 832 Do
1125 765 1229 832 altera
1253 767 1455 856 antistropha
1481 769 1526 836 ita
1549 767 1779 850 iudicandum,
1815 769 1968 839 trochaici
1994 775 2178 842 tetrametri

340 887 476 957 alterius
493 887 591 976 tinem
611 895 736 954 tantum
756 897 886 954 exstare
903 883 986 973 μόνη
1000 885 1060 974 γὰρ
1078 881 1159 972 ἡμᾶς
1175 881 1338 972 ὠφέλεις,Ι
1355 889 1517 976 simulque
1536 889 1676 976 primunr
1695 891 1851 958 creticum
1871 891 2046 960 dimetrum
2072 895 2174 963 iuter·
2198 969 2201 980 Ι

340 1006 476 1085 cidisse,
501 1006 680 1074 secundum
700 999 885 1074 etlertium
904 1017 1012 1074 autem
1034 1007 1065 1073 iu
1085 1005 1169 1074 hunc
1189 1004 1320 1072 modurn
1340 1031 1410 1075 esse
1428 1006 1686 1075 emendandum:
1711 1015 1818 1078 πᾶσιν
1841 1007 1960 1080 ὁπόσοι
1977 1018 2049 1097 βίον
2066 1009 2174 1102 ἄγροι-

340 1127 435 1194 mcv·
453 1121 621 1217 lr'pltlopsv
640 1127 688 1194 vel
707 1126 794 1216 quod
814 1131 1082 1216 praestatrrcimv
1094 1122 1215 1195 ὀπόσοι
1226 1131 1301 1212 βίον.
1311 1127 1481 1217 ἐτρίβομεν
1494 1123 1687 1218 ἇνροικικόν.
1740 1131 1896 1198 Ceterum
1913 1132 1943 1197 in
1962 1133 2176 1202 hacsecunda
2235 1191 2239 1194 .

341 1259 434 1336 parte
450 1248 586 1314 alterius
603 1248 788 1336 systematis
807 1247 931 1336 primus
948 1245 1088 1314 dimeter
1106 1248 1137 1312 in
1158 1259 1298 1336 utraque
1316 1248 1517 1337 antistropha
1536 1242 1676 1316 alterum
1695 1251 1852 1318 creticum
1879 1275 1941 1318 non
1969 1253 2063 1322 hahet
2086 1255 2173 1324 solu·

340 1369 430 1448 tum,
448 1361 548 1446 ,unde
561 1363 718 1470 suspicari
735 1365 853 1456 aliquis
877 1367 998 1464 possit,
1031 1367 1128 1434 etiam
1156 1367 1187 1432 in
1214 1367 1378 1474 strophico
1403 1389 1498 1434 versu
1523 1368 1715 1436 solutionem
1742 1391 1805 1435 non
1831 1393 1901 1438 essa
1926 1370 2173 1458 admittendam,

220 1549 224 1556 ,
342 1495 439 1590 quam
461 1509 629 1555 removere
647 1510 711 1554 non
730 1485 865 1556 dilticile
882 1497 951 1569 est,
978 1486 1074 1556 modo
1093 1485 1125 1554 id
1145 1485 1264 1554 iustum
1284 1499 1369 1554 esset
1386 1499 1630 1577 argumentum.
1684 1491 1784 1557 Nunc
1801 1491 1902 1558 satius
1926 1491 2011 1560 duco
2035 1495 2175 1584 scriptu-

308 1595 313 1606 ’
345 1631 414 1676 rarn
434 1609 587 1676 intactam
609 1609 813 1698 relinquere,
841 1629 947 1695 nequa
964 1608 998 1698 in
1018 1608 1135 1674 tertiae
1153 1609 1255 1696 partis
1274 1607 1453 1697 penultimo
1471 1608 1623 1698 strophae
1640 1609 1763 1676 cretico
1776 1610 1952 1700 quidquam
1971 1627 2108 1682 mutare.
2123 1653 2172 1670 -

340 1730 456 1817 Equr't.
476 1753 537 1796 vsa.
557 1735 629 1798 303
642 1735 794 1824 -7-3133
822 1734 1036 1798 382-888
1057 1749 1172 1794 novem
1188 1742 1268 1795 sunt
1284 1727 1416 1798 dimetri
1437 1741 1471 1796 et
1490 1750 1573 1796 unus
1591 1741 1794 1797 ruonorneter
1812 1753 1906 1798 versu
1927 1735 2037 1812 tertio,
2061 1758 2174 1806 omnes

244 1914 250 1926 ,
340 1873 405 1917 uno
423 1860 599 1939 systemate
617 1847 861 1938 comprehensi3
887 1847 1045 1916 claudunt
1063 1846 1128 1914 duo
1147 1849 1302 1916 trochaici
1322 1850 1515 1916 tetrametri.
1569 1849 1609 1915 lu
1634 1849 1760 1916 antistr.
1786 1863 1899 1916 sextus
1920 1849 2059 1919 dimeter
2083 1855 2172 1922 erci-

198 2041 212 2054 ,,
340 1971 398 2038 dit.
452 1971 635 2060 Responsio
660 1981 710 2036 est
733 1969 1057 2037 accuratissima.-·-
1082 1967 1166 2035 Ibid.
1193 1948 1253 2036 vss.
1280 1975 1518 2052 aas-3263
1553 1975 1769 2038 aar-399
1796 1969 2007 2038 continentur
2031 1983 2172 2062 quatuor·

210 2117 214 2124 ·
339 2091 470 2158 dimet'ri
487 2091 665 2170 coniuncti,
695 2111 808 2156 omnes
832 2089 994 2178 primitiva
1014 2087 1129 2156 torma.
1182 2089 1250 2156 Hic
1274 2112 1404 2180 quoque
1427 2089 1493 2156 duo
1517 2087 1672 2157 trochaici
1697 2091 1878 2158 tetrametri
1902 2103 2095 2180 sequuntur.
2121 2129 2173 2146 --

339 2212 464 2279 ibidem
494 2233 552 2278 vss.
584 2218 830 2291 617-6203
864 2217 937 2279 688
957 2217 1107 2280 -686.
1176 2209 1362 2298 Systemata
1387 2211 1552 2278 coniuncti
1578 2221 1646 2278 tres
1671 2210 1783 2278 cretici
1810 2209 1959 2294 dimetri,
1994 2235 2076 2282 uuus
2103 2227 2171 2282 tro·

337 2332 469 2400 chalcus
494 2331 655 2414 dimeter,
682 2353 767 2399 unus
791 2331 931 2398 creticus
957 2329 1114 2412 dimeter,
1148 2339 1216 2396 tres
1243 2329 1398 2398 trochaici
1425 2329 1556 2397 dimetri
1582 2329 1801 2414 acatalectioi,
1833 2353 1918 2398 unus
1950 2334 2170 2404 catalecticus.

340 2453 545 2520 Creticorum
584 2451 749 2540 responsio
781 2450 1032 2518 accuratissima.
1067 2487 1119 2502 —
1176 2449 1336 2517 Acharras
1361 2473 1420 2517 vas.
1458 2457 1706 2532 aus-2183
1740 2457 1983 2558 323-233.
2020 2456 2170 2526 Schema.
2220 2459 2224 2470 ’
2294 2545 2299 2554 .

196 2575 206 2586 ‘
338 2569 370 2639 α’
396 2585 464 2640 tres
489 2573 602 2641 cretici
629 2571 772 2640 dimetri.
824 2567 953 2658 p‘tres
978 2571 1121 2640 dimetri.
1173 2569 1200 2656 γ’
1226 2593 1282 2638 sex
1311 2570 1442 2638 dimetri
1474 2583 1509 2638 et
1541 2593 1625 2638 unus
1657 2581 1860 2672 monometer
1887 2575 1984 2642 tertio
2011 2599 2106 2644 versu
2135 2591 2171 2646 ut

338 2693 495 2782 Equitum
524 2693 606 2760 locon
661 2691 871 2760 Praecedunt
896 2701 930 2758 et
955 2701 1137 2780 sequuntur
1164 2691 1319 2758 trochaici
1345 2691 1538 2758 tetrametri.
1592 2691 1632 2758 ln
1659 2690 1859 2780 antistropha
1884 2695 2006 2764 excidit
2029 2699 2170 2767 creticus

339 2827 411 2902 post
428 2809 636 2899 ἇντεμπαγῶζ
689 2811 777 2878 Male
794 2811 880 2878 enim
900 2811 1095 2878 Guilielmus
1112 2810 1306 2878 Dindortius
1328 2823 1401 2899 post
1424 2806 1578 2901 dduvqoric
1602 2802 1745 2878 lacunae
1759 2811 1889 2900 siguum
1916 2817 2043 2902 posuit,
2068 2841 2168 2908 quum

216 2953 222 2964 “
339 2936 522 3024 strophicus
541 2929 836 3000 versus'h-orrovd.
856 2929 973 2998 doceat
996 2941 1173 3019 systemate
1197 2929 1254 2996 hos
1275 2931 1414 2998 creticos
1436 2931 1627 2998 coniunctos
1652 2953 1742 3011 esse,
1776 2929 1899 3000 hiatum
1926 2933 2030 3022 igitur
2055 2941 2087 3005 in
2111 2963 2168 3008 an·

340 3059 424 3124 tistr.
449 3051 647 3140 ἆντεμπαγῶ
672 3049 743 3133 ὀξύς
767 3053 846 3120 terri
873 3073 937 3118 non
964 3073 1069 3140 posse.
1128 3051 1311 3138 Responsio
1329 3061 1378 3118 est
1394 3063 1558 3134 accurata,
1577 3051 1638 3117 nisi
1656 3049 1744 3140 quod
1764 3053 1794 3118 in
1814 3051 1929 3120 ultimo
1944 3055 2085 3127 dimetro
2097 3083 2169 3130 cro·

338 3180 422 3244 ticus
440 3174 638 3265 penultimus
657 3174 771 3261 paeoni
790 3171 976 3261 respondet.
1029 3170 1139 3237 Possit
1157 3171 1216 3236 hoc
1242 3171 1378 3254 evitari,
1407 3171 1434 3238 si
1460 3166 1504 3238 ἄν
1526 3172 1685 3260 particula
1712 3173 1743 3237 in
1768 3172 1900 3262 stropha
1924 3177 2058 3260 omissa,
2084 3169 2200 3270 quae⁰

337 3299 386 3365 bis
403 3296 507 3386 posita
524 3305 593 3377 est,
618 3289 823 3374 ἆπεπλιξατο
841 3291 987 3358 vocabuli
1011 3291 1147 3358 alteram
1175 3288 1310 3378 produci
1332 3291 1494 3357 statueris.
1560 3291 1606 3359 ld.
1628 3313 1706 3359 vero
1732 3292 1943 3381 improbabile
1968 3309 2037 3380 est,
2063 3323 2168 3392 neque

337 3417 493 3486 carolum
513 3414 696 3504 Reisigium
716 3424 795 3502 puto
813 3411 855 3478 de
871 3413 1190 3498 μεταπληκτΐςεσβαι
1206 3410 1353 3478 vocabuli
1370 3410 1512 3478 secunda
1529 3411 1652 3501 syllaba
1678 3410 1838 3502 producta
1861 3415 2010 3514 Conieet.
2033 3443 2065 3510 p.
2092 3427 2166 3492 322

337 3551 427 3608 recte
445 3535 601 3603 iudicare.
655 3535 833 3622 Nunquam
852 3532 937 3599 enirn
956 3531 1017 3600 hoc
1033 3529 1267 3620 Aristophanes
1285 3531 1361 3599 lecit
1379 3521 1439 3598 hisi
1456 3532 1489 3598 in
1507 3531 1647 3622 dactylis
1663 3541 1698 3599 et
1713 3536 1908 3624 anapaestis,
1930 3539 2047 3626 quibus
2063 3541 2167 3610 adnu·
2279 3621 2285 3629 ι

337 3670 443 3726 merat
461 3659 673 3724 Hermannus
690 3653 894 3720 choriambus
913 3651 1002 3718 Nub.
1021 3674 1066 3718 vs.
1087 3655 1159 3722 608
1178 3651 1266 3740 quod
1285 3661 1394 3720 tamen
1411 3651 1586 3720 admodum
1606 3651 1731 3721 dubito.
1783 3654 1938 3722 Omnium
1958 3659 2090 3728 minime
2107 3685 2166 3730 au-

337 3793 402 3848 tem
422 3778 455 3843 in
473 3776 602 3844 creticis
620 3773 670 3841 vel
689 3772 846 3840 dochmiis
864 3771 936 3838 talis
952 3770 1123 3860 productio
1140 3770 1325 3852 statuenda,
1353 3783 1390 3842 ut
1406 3795 1502 3862 quem
1516 3773 1575 3840 Fr.
1589 3773 1792 3842 Fritzschiua
1806 3775 2006 3867 Thesmoph.
2026 3805 2070 3848 vs.
2092 3789 2163 3854 668

337 3901 415 3968 tecit
432 3919 560 3964 versum
580 3891 621 3962 sl’
641 3897 748 3976 λ’χνευέ
765 3915 825 3960 νυν
842 3894 869 3958 is
888 3913 951 3958 non
969 3891 1158 3974 dochmius‚
1185 3903 1223 3958 ut
1247 3892 1315 3979 ipse
1340 3891 1427 3972 vult,
1460 3892 1517 3959 sed
1542 3891 1726 3961 trochaicus
1748 3911 1951 3964 monometer
1975 3899 2166 3988 hypercata-

337 4022 441 4088 lectus
457 4018 510 4084 sit.
563 4017 687 4083 Contra
705 4025 781 4080 ante
800 4009 938 4081 mediam
957 4033 1031 4080 curn
1052 4011 1180 4100 liquida·
1197 4011 1380 4100 corripiunt
1404 4011 1570 4080 interdum
1594 4013 1709 4082 comici
1736 4025 1772 4082 ut
1796 4017 1914 4106 tragici
1940 4019 2103 4106 vocalem,
2130 4037 2166 4092 ut

336 4138 474 4229 Eupolis
490 4133 711 4226 apud'Etym.
729 4134 776 4201 Μ.
795 4157 827 4223 p.
847 4140 934 4215 200,
954 4137 1001 4202 50
1020 4127 1308 4220 ἇναβλνστανῆσαι
1324 4139 1379 4199 sol
1394 4134 1533 4220 χλοῆσαι
1549 4133 1609 4221 τῆν
1625 4131 1724 4202 πόλιν
1745 4157 1842 4224 quam
1866 4138 2061 4226 scripturam
2087 4165 2165 4211 con·

335 4264 445 4328 firmat
461 4256 580 4325 Suidas
596 4279 620 4322 s.
640 4279 670 4322 v.
689 4251 976 4341 ἇναβλνστανῆσαι
992 4251 1031 4320 τὸ
1048 4247 1250 4338 ductii-riom,-
1276 4263 1311 4320 et
1328 4253 1561 4342 Theopompus
1578 4251 1665 4342 apud
1683 4255 1792 4321 Schol.
1806 4257 1906 4323 Arist.
1922 4257 2014 4326 Plut.
2031 4265 2075 4330 ds.
2094 4273 2164 4338 179

334 4377 400 4469 ὄνῳ
416 4383 559 4466 μιγείσης
575 4375 693 4465 μητρὸς
710 4375 847 4462 ἔβλαστε
863 4379 902 4470 τῇ
919 4370 1034 4454 πόλει,
1055 4373 1114 4441 cui
1132 4363 1240 4441 lanam
1260 4375 1367 4477 versui
1386 4374 1498 4441 vitium
1517 4373 1640 4458 inesse,
1672 4385 1706 4443 et
1729 4379 1889 4444 sententia
1914 4391 1948 4446 et
1973 4396 2166 4472 anapaestus

333 4502 465 4569 illicitus
482 4498 589 4570 docet.
641 4499 750 4584 Atque
767 4506 961 4586 anapaestus
977 4493 1052 4562 talis
1074 4495 1099 4561 si
1118 4493 1206 4583 apud
1224 4495 1473 4584 'l'heopompum
1499 4494 1579 4562 terri
1608 4505 1730 4583 potest,
1764 4499 1945 4566 sententiae
1969 4500 2029 4570 hac
2054 4527 2164 4574 emen-

332 4623 464 4690 datione
477 4617 711 4686 consulendum
728 4627 826 4706 puto:
844 4611 925 4691 ’ὄνος
941 4621 1004 4701 μὲν
1018 4609 1151 4699 ὥγκᾶβ’,
1170 4611 1364 4696 ὀΜελιτεῠς
1381 4616 1561 4702 Φιλωνίδης
1578 4611 1624 4682 ὅτ’
1643 4611 1708 4702 ὄνῳ
1725 4623 1869 4706 μιγείσης
1891 4621 2010 4710 μητρὸς
2027 4623 2164 4709 ἔβλαστε
2283 4645 2287 4652 ’

333 4749 373 4839 τῇ
390 4739 485 4810 πόλει
502 4737 611 4806 asinus
629 4736 719 4805 rudit
736 4759 836 4828 quum
863 4735 1055 4804 Philonides
1077 4745 1173 4802 natus
1196 4747 1246 4803 est
1270 4735 1422 4804 orbi.-
1461 4734 1546 4804 lbid.
1572 4759 1632 4802 vsa.
1668 4743 1903 4818 att—303:
1936 4747 2162 4818 838-346.

332 4863 364 4931 α’
382 4863 522 4931 creticus
539 4859 708 4941 trimeter,
734 4867 803 4925 tres
819 4855 970 4939 dimetri,
996 4877 1080 4924 unus
1097 4857 1259 4924 trimeter.
1309 4853 1344 4942 β’
1362 4855 1465 4924 troch.
1489 4867 1717 4924 tetrametrum
1742 4871 1926 4956 sequuntur
1949 4865 2090 4932 creticus
2113 4867 2163 4936 di·

244 5025 250 5035 ·
334 4996 440 5054 meter
465 4991 501 5050 et
526 4981 685 5046 trimeter.
737 4975 765 5062 γ’
790 4975 894 5045 troch.
919 4967 1149 5046 tetrametrum
1175 4977 1323 5066 sequitur
1340 4979 1536 5045 ereticorum
1551 4989 1692 5066 systema
1708 4977 1793 5062 idern
1809 4991 1908 5070 atqua
1921 4978 2065 5050 ἇ.-ά.
2085 4985 2161 5054 Pri-

308 5100 313 5110 '
333 5129 387 5173 mo
404 5099 530 5172 antistr.
550 5121 644 5168 verso
663 5091 850 5166 siue'dubio
869 5107 958 5166 recte
974 5097 1128 5167 scribitur
1145 5091 1206 5165 τόν
1228 5119 1266 5165 τε
1291 5097 1409 5166 Amet.
1428 5098 1478 5165 eat
1500 5097 1586 5164 onim
1611 5096 1811 5168 admirabilis
1835 5103 1878 5168 G.
1903 5099 2067 5170 Diodorfii
2091 5129 2163 5174 aen·

333 5226 452 5309 tentia,
478 5219 534 5312 qui
552 5223 590 5289 τέ
607 5219 657 5288 vel
676 5217 784 5308 potius
801 5221 838 5300 γέ
855 5217 981 5286 metrici
996 5215 1215 5286 emendatoris
1232 5217 1469 5286 correctionem
1489 5217 1611 5286 habeus
1628 5217 1765 5286 alteram
1785 5215 2044 5306 Λακεδαιμόνιυν
2070 5247 2163 5294 voca-
2241 5195 2247 5208 ¹
