4934 6164
1233 545 1404 632 18Ι

352 781 510 876 tistropha
529 740 707 868 poneretur
726 781 840 850 torma.
879 781 981 862 -lltor
999 805 1077 852 uero
1096 759 1272 896 praeterea
1284 783 1412 852 duobus
1429 783 1501 852 aliis
1524 787 1730 874 argumentis
1754 787 1796 855 ad
1820 793 2013 860 sententiam
2040 805 2182 864 nostram
2221 817 2224 824 ·

319 945 322 952 Δ
351 891 594 985 stabiliendam,
620 923 758 991 quorum
780 926 880 970 unum
899 905 931 972 in
950 905 1109 994 Equitum
1130 905 1258 973 tabulae
1275 905 1416 972 alterum
1434 905 1468 970 in
1486 904 1583 972 huius
1605 904 1647 974 da
1671 929 1737 996 quo
1762 909 1892 998 agimus
1916 913 2069 980 carminis
2092 937 2179 982 com-

352 1023 511 1110 positione
529 1023 668 1110 positum
687 1035 748 1090 est.
800 1025 908 1114 {upra
926 1025 1012 1092 enim
1032 1025 1238 1093 ostendimus
1257 1026 1407 1092 omnium
1433 1025 1658 1113 Aristophanis
1680 1027 1862 1099 tabularum
1887 1053 2046 1102 maumam
2073 1034 2105 1099 in
2131 1057 2183 1102 re·

351 1144 524 1230 sponsione
541 1142 745 1231 diligentiam
767 1145 798 1210 in
818 1147 995 1234 Equitibas
1011 1146 1122 1226 cerni,
1147 1145 1236 1234 quod
1255 1145 1319 1213 aim
1338 1167 1428 1214 suam
1447 1144 1568 1214 habere
1593 1146 1818 1217 demonstrare
1840 1153 1981 1219 conabar
2006 1154 2038 1219 in
2065 1153 2183 1222 dieser·
2321 1193 2325 1200 ·

264 1279 271 1286 ·
351 1263 473 1330 tatione
492 1261 534 1330 de
553 1262 704 1351 Aeschyli
722 1265 963 1354 antistrophicis
973 1314 982 1347 ‚
1008 1266 1100 1334 cuius
1120 1265 1337 1334 Prometheus
1355 1276 1390 1332 et
1408 1265 1608 1334 Eumenides
1625 1267 1730 1336 simile
1747 1291 1893 1338 summae
1917 1273 1948 1339 in
1975 1276 2183 1362 responsione
2246 1367 2255 1376 .
2324 1357 2328 1363 ¹
2423 1348 2427 1356 ,

349 1383 577 1450 concinnitatis
594 1383 781 1472 exemplum
800 1387 978 1472 praebent„
1020 1385 1218 1453 Incredibile
1235 1397 1284 1453 est
1303 1386 1407 1475 igitur
1424 1385 1479 1475 qui
1505 1409 1663 1454 summam
1689 1391 1906 1478 responsionis
1930 1397 2181 1465 concinnitatem
2213 1437 2240 1457 κ
2299 1439 2304 1450 -

351 1515 531 1591 pertatem
551 1503 691 1570 fabulam
711 1517 854 1572 sectatus
871 1506 930 1589 sit,
956 1485 1035 1574 eum
1050 1505 1149 1573 semel
1168 1507 1210 1590 ab
1226 1505 1285 1574 bac
1304 1505 1379 1595 lege
1397 1505 1566 1574 recessisse
1585 1529 1648 1574 uon
1668 1508 1700 1574 in
1721 1509 1857 1578 usitatae
1874 1513 2041 1582 cuiusdam
2058 1517 2182 1586 formae
2254 1596 2258 1604 ¹
2399 1549 2404 1559 ¹

349 1623 591 1712 permutatione
608 1623 666 1691 sed
685 1625 716 1690 in
737 1601 894 1692 eiusmodi
913 1625 1038 1709 lorme,
1063 1649 1148 1716 quae
1166 1625 1252 1692 omni
1271 1626 1424 1714 exemplo
1442 1625 1649 1694 destituatur.
1709 1629 1814 1696 Venio
1839 1631 1880 1698 ad
1907 1633 2055 1704 ultimum
2080 1661 2180 1729 ergu-

350 1757 495 1811 mentum
515 1767 556 1810 ex
577 1745 676 1831 ipsius
693 1721 846 1812 carminis
863 1747 1266 1836 compositionepetitum.
1318 1747 1451 1813 Etenim
1472 1757 1508 1812 ut
1527 1745 1651 1836 reliqna
1670 1746 1765 1816 huius
1782 1749 1910 1818 fabulae
1936 1757 2079 1824 carmine
2105 1760 2180 1826 sim·

350 1865 521 1952 plicisslma
540 1877 635 1947 suut,
661 1865 841 1955 eademque
861 1867 929 1933 lere
948 1867 1074 1936 numeri
1094 1867 1197 1933 lorma
1218 1865 1397 1954 repetitur,
1424 1877 1461 1932 ut
1479 1865 1597 1938 xxlv.
1616 1869 1671 1956 qul
1698 1868 1730 1934 in
1755 1869 1815 1936 hac
1839 1871 1947 1940 fabula
1972 1875 2181 1967 ῖ111011ῖῑ1111111

350 1985 505 2074 glyconei
522 2007 635 2052 ornnes
653 1985 797 2054 eiusdem
818 1985 1001 2074 primitivae
1019 1987 1143 2055 formae
1161 1996 1253 2053 sunt:
1279 1987 1325 2054 sic
1343 1987 1374 2058 iu
1394 1985 1454 2054 hoc
1472 2009 1602 2076 quoque
1619 1990 1764 2058 carmine
1782 2013 1895 2059 1111111111
1913 1993 1996 2062 XVI
2021 1997 2180 2076 choriam-

351 2105 412 2179 bici
434 2105 564 2172 dimetri
584 2106 615 2171 in
635 2105 768 2196 stropha
787 2119 821 2174 et
838 2106 1039 2196 antistrophe
1058 2105 1204 2175 eiusdem
1223 2117 1301 2174 sunt
1318 2107 1441 2174 lormee
1457 2117 1492 2174 ut
1503 2107 1725 2177 choriambum
1740 2111 1883 2200 excipiat
1896 2107 2063 2184 diiambus.
2116 2123 2180 2198 Qui
2287 2119 2292 2126 ’
2322 2127 2325 2134 ’

350 2247 449 2314 quum
470 2227 502 2292 in
521 2225 584 2292 XV
604 2225 752 2294 dimetria
769 2247 899 2315 semper
917 2248 1020 2314 purus
1036 2237 1187 2295 serretur
1204 2238 1239 2296 et
1255 2226 1390 2294 consilio
1407 2237 1574 2311 serretur,
1601 2229 1705 2298 omnis
1723 2230 1784 2300 hoc
1801 2253 1867 2300 uno
1886 2257 1980 2302 versu
2005 2241 2179 2330 aequabili-

350 2357 400 2414 tas
418 2345 586 2434 perditur,
615 2357 651 2412 ut
677 2327 804 2414 etiamsi
829 2359 894 2414 tam
915 2347 1151 2417 leniamutetio
1169 2369 1233 2414 non
1252 2357 1503 2434 praedoceret,
1528 2357 1637 2416 tamen
1655 2361 1831 2440 corruptus
1854 2351 1908 2421 hic
1933 2379 2045 2426 versas
2072 2367 2179 2448 putari
2220 2379 2227 2394 “

349 2465 509 2536 deberet„
548 2464 615 2532 Sed
632 2467 711 2534 satis
728 2465 771 2534 de
787 2465 849 2534 hac
867 2490 903 2534 ra
921 2466 1044 2536 dictum
1063 2479 1194 2536 est.--
1227 2467 1325 2554 resp.
1351 2491 1412 2535 ras.
1443 2470 1727 2554 uteo-team
1759 2475 2037 2548 ttae-1468.
2095 2483 2178 2572 Sep-

349 2597 416 2654 tem
434 2585 588 2668 dimotri,
613 2585 669 2675 qui
687 2585 863 2654 diiambum
882 2597 958 2666 ante
974 2585 1197 2654 choriambum
1215 2587 1347 2655 babent.
1398 2588 1525 2664 Quarto
1543 2597 1577 2655 et
1593 2590 1732 2678 septimo
1751 2613 1845 2660 versu
1865 2595 1967 2663 videri
1991 2603 2091 2687 possit
2115 2625 2178 2671 non

349 2705 509 2774 diiambus
526 2703 583 2772 sed
601 2705 807 2774 choriambus
825 2729 895 2774 asae
918 2706 1012 2774 cuius
1035 2693 1139 2796 prima
1163 2707 1269 2774 solata
1293 2708 1347 2782 sit,
1377 2756 1380 2768 .
1405 2705 1556 2775 Alterum
1582 2719 1691 2776 tamen
1717 2722 1862 2797 praestat
1889 2728 2025 2805 propter
2048 2734 2178 2794 sextum

350 2849 479 2894 uersum
498 2825 555 2914 qui
573 2825 605 2892 in
624 2824 756 2912 stropha
774 2801 919 2894 eiusdem
937 2839 987 2894 est
1004 2845 1195 2910 mensurae,
1220 2828 1254 2894 in
1271 2827 1473 2915 antistrophe
1492 2837 1600 2898 nmen
1620 2829 1869 2917 primaebraris
1885 2833 1956 2902 loco
1969 2836 2100 2930 longam
2113 2845 2180 2933 syl·

349 2947 454 3014 labam
474 2947 581 3014 habat.
635 2946 757 3012 Versus
772 2947 911 3034 quintus
922 2957 1099 3035 corruptas
1116 2957 1176 3014 est.
1228 2945 1315 3014 Male
1332 2949 1377 3014 G.
1394 2943 1589 3014 Diudorfius
1606 2947 1711 3016 edidit
1728 2943 1748 3038 ἢ
1764 2953 1849 3056 μέγα
1864 2960 2021 3025 πείσεταί
2034 2987 2065 3027 οι
2090 2965 2178 3054 quod

349 3069 391 3136 ob
409 3065 528 3134 multus
544 3088 673 3133 caussas
690 3064 768 3132 lerri
787 3068 911 3156 nequit.
962 3068 1073 3143 Quum
1085 3067 1119 3134 in
1134 3067 1328 3134 Rauennate
1340 3075 1449 3134 exstat
1465 3059 1485 3153 ἢ
1500 3069 1584 3150 μέγα
1601 3091 1634 3133 τι
1648 3072 1733 3153 μέγα
1749 3075 1901 3140 πείσεται
1919 3079 2021 3163 probe
2038 3081 2078 3147 C.
2099 3085 2178 3152 Rei·

297 3225 301 3236 ·
348 3188 452 3274 eigins
470 3185 632 3252 intellexit
649 3185 855 3254 scribendum
874 3209 944 3254 ease
960 3191 1044 3272 plau
1061 3212 1093 3254 τι
1108 3191 1272 3254 πείσεται.
1323 3187 1363 3254 In
1382 3196 1524 3254 mentam
1541 3186 2176 3274 mihivenitslmilisloaiAmas.1070

350 3308 404 3375 ubi
423 3329 524 3396 quum
544 3305 643 3396 uulgo
660 3305 822 3374 scribatur
839 3307 876 3375 dv
893 3315 1014 3395 φοναῖς
1028 3302 1161 3375 ὄλλυται
1178 3307 1355 3374 Rauennae
1367 3316 1476 3374 autem
1495 3299 1615 3394 φοναῖς
1630 3305 1806 3390 ἔξόῖλοται·
1816 3317 1984 3402 praebeat,
2008 3323 2179 3413 corrigen.

221 3455 225 3463 ,
277 3441 284 3462 ·
350 3427 429 3496 dum
448 3419 949 3515 estdsporaisb‘llvrasquam
975 3427 1236 3496 emendationem
1262 3426 1353 3494 nobis
1377 3436 1584 3514 praereptam
1609 3427 1757 3498 ridemus
1782 3432 1815 3498 iu
1841 3437 2074 3515 G.,I)indorlli
2099 3444 2180 3514 adit.

350 3549 459 3615 Paris.
512 3546 622 3614 Huius
639 3545 726 3613 enim
744 3545 896 3614 editionis
914 3548 1021 3634 primo
1038 3558 1128 3615 tomo
1147 3549 1193 3628 nti
1218 3545 1326 3629 licuit,
1351 3545 1549 3614 oxoniensis
1566 3569 1644 3614 vero
1669 3547 1795 3618 nullum
1819 3552 1927 3624 adhuc
1951 3563 2124 3650 exemplar
2144 3567 2177 3632 in

349 3669 410 3737 hec
429 3669 509 3734 urbe
527 3677 637 3734 nostra
655 3678 814 3734 versatur.
831 3703 883 3715 —
910 3666 976 3734 Sed
995 3689 1058 3732 non
1077 3687 1213 3755 prorsus
1229 3666 1373 3734 restituit
1390 3667 1429 3734 C.
1451 3667 1617 3756 Reisigius
1635 3691 1746 3738 reram
1764 3669 1862 3741 huius
1885 3674 1947 3746 loci
1970 3682 2177 3770 scripturam.

349 3791 458 3866 Quum
478 3783 557 3852 nihil
576 3785 691 3852 melius
708 3787 741 3852 in
761 3797 901 3854 mentem
922 3787 1047 3870 reniet,
1073 3786 1157 3856 hano
1175 3807 1322 3875 propono
1339 3785 1600 3854 emendationem
1619 3787 1836 3875 incrassare
1857 3819 1891 3860 τι
1914 3803 2011 3866 nelca
2023 3839 2036 3852 ·
2049 3827 2104 3871 aas
2126 3801 2179 3874 'rat

347 3911 386 3978 cri
397 3907 532 4000 τροφῶν
544 3927 609 3996 qua
621 3915 712 3973 certe
726 3917 878 3974 accurata
894 3907 1060 3996 responsio
1076 3908 1270 3974 restituitur.
1286 3941 1335 3956 —
1352 3905 1437 3974 Ibid.
1452 3927 1513 3972 rsa
1527 3913 1600 3978 626
1612 3915 1763 3992 -6283
1792 3917 1924 3982 681-
1936 3925 2022 3990 633.
2061 3923 2177 3996 Prima
2231 3898 2234 3906 Ἴ

349 4053 444 4100 versu
458 4028 500 4096 dd
516 4027 696 4096 sententiae
713 4026 913 4093 contrarium
933 4035 1022 4094 recte
1041 4027 1083 4096 lt.
1103 4026 1272 4094 Porsenna
1289 4025 1321 4092 in
1340 4022 1379 4114 δή
1395 4026 1576 4110 convertit,
1600 4029 1694 4098 cuius
1711 4031 1854 4121 reliquas
1870 4057 2001 4127 quoque
2024 4048 2178 4116 emenda·

348 4153 454 4220 tiones
470 4150 503 4216 in
522 4143 744 4216 hoc'oarmine
761 4147 875 4236 probo.
892 4182 944 4196 -
969 4145 1055 4212 Ibid.
1074 4169 1136 4214 rsa.
1156 4150 1391 4226 eat—5563
1419 4151 1649 4217 636—641.
1691 4150 1777 4217 »Hic
1800 4163 1942 4242 quatuor
1967 4135 2098 4231 dimelri
2122 4191 2177 4237 ca-
2252 4191 2259 4202 ·

348 4269 490 4340 talectiai
508 4267 662 4356 deinceps
680 4265 776 4356 positi
794 4277 882 4336 sunt.
899 4303 951 4346 τ
975 4264 1062 4334 lbid.
1082 4268 1319 4348 ato-5453
1349 4267 1482 4335 644-
1494 4269 1580 4338 647.
1632 4269 1701 4336 Hic
1718 4268 1839 4339 lactum
1858 4284 1920 4357 est,
1938 4275 1981 4345 de
1998 4303 2063 4370 quo
2077 4305 2177 4376 supra

348 4388 602 4480 disputavimus,
628 4399 666 4454 ut
683 4386 843 4454 diiambus
859 4385 1081 4454 choriambum
1099 4385 1265 4474 excipiens
1283 4407 1347 4452 nou
1367 4405 1469 4474 purus
1493 4397 1662 4469 serretur,
1687 4392 1933 4479 exaequandam
1958 4407 2067 4470 tamen
2092 4415 2177 4475 stre-
2251 4473 2257 4483 ,

349 4510 448 4603 phem
465 4519 500 4576 et
516 4505 751 4594 antistropham
770 4515 865 4594 poeta
883 4507 1022 4574 curarit.
1072 4505 1234 4594 strophae
1247 4527 1308 4572 ras.
1325 4507 1413 4598 643,
1432 4509 1503 4576 stt
1518 4507 1665 4595 corrupti
1679 4519 1765 4575 sunt·
1818 4504 1995 4585 Librorum
2014 4524 2178 4613 scriptura

349 4641 415 4699 esta
440 4623 667 4712 σκωπτόμενοι
683 4621 759 4694 δὀῖν
775 4625 813 4694 ἐν
828 4634 942 4694 τοῖσιν
957 4623 1044 4704 ὁδοῖς
1060 4622 1207 4702 ἁπάσαις
1223 4623 1433 4716 θαλλοφόροι
1448 4623 1629 4712 καλοίμεθ’.
1681 4629 1779 4696 Haeo
1801 4627 1970 4704 Porsonus'
1995 4639 2042 4709 ita
2065 4664 2177 4714 emen.

349 4749 441 4820 derit
458 4757 497 4816 ut
513 4747 546 4814 in
563 4747 692 4814 antistr.
709 4745 858 4814 lacunam
876 4733 1056 4828 serueretj
1079 4747 1173 4815 onius
1191 4745 1315 4814 nullum
1334 4745 1427 4817 adest
1445 4746 1611 4816 indicium.
1665 4748 1735 4816 Nos
1751 4747 1846 4818 aliam
1865 4756 2102 4830 emendationis
2125 4788 2176 4835 rs-

349 4873 472 4940 tionem
491 4866 721 4957 proponimus,
746 4866 875 4957 quaesi
897 4867 951 4932 cui
976 4866 1072 4934 nimia
1097 4865 1247 4934 videatur
1271 4865 1429 4949 violenta,
1464 4867 1668 4950 meminerit,
1701 4867 1812 4956 plures
1835 4895 1905 4942 ease
1928 4875 1961 4942 in
1986 4876 2046 4947 beo
2068 4881 2177 4956 labula

348 4989 530 5060 carminum
547 4987 742 5076 particulas,
767 5009 852 5076 quae
876 4969 1082 5076 non'poetae
1103 4989 1221 5069 rerba,
1252 4985 1309 5054 sed
1333 4984 1524 5054 scholiastae
1546 4987 1795 5077 explicationem
1821 4993 1990 5062 continere
2013 5003 2178 5085 putandae

349 5111 425 5178 sint.
476 5109 577 5178 Hauc
600 5115 744 5175 nostram
768 5106 962 5176 senteutiam
980 5109 1176 5176 confirmant
1198 5107 1344 5196 quinque
1366 5107 1480 5176 cretici
1505 5131 1568 5176 ass.
1594 5111 1810 5180 tto—414
1835 5111 1912 5181 lacti
1936 5114 1983 5183 illi
2006 5140 2048 5186 ex
2072 5123 2178 5196 tribus

348 5251 432 5320 quos
449 5237 544 5317 poeta
561 5227 748 5316 scripserat.
800 5227 870 5296 lem
890 5228 933 5294 lt
953 5225 1121 5298 Poraonus
1137 5248 1238 5316 quum
1256 5223 1301 5295 oia
1315 5227 1500 5314 οαλοίμοθα
1518 5240 1660 5300 mutaret
1677 5231 1710 5298 in
1723 5227 1915 5315 καλούμεθα
1929 5237 2176 5332 probequidem
