4934 6164
1057 551 1358 664 Α-

298 794 345 862 rei
363 816 447 882 quae
465 792 662 859 contrarium
684 791 821 882 probent
838 789 987 878 exempla
1007 789 1090 856 inira
1107 787 1449 856 commemorabimus:
1476 788 1507 853 in
1524 786 1637 852 ionicis
1652 798 1759 855 tamen
1777 788 1937 854 ana'clasin
1956 787 2140 878 usurpasse
2174 821 2176 826 ¹

298 913 546 1002 Aristophanem
579 914 624 978 ita
648 923 685 977 ut
709 911 804 979 ionici
819 901 1073 998 'opponerentur
1097 918 1188 976 certo
1215 909 1329 974 Ranae
1353 907 1460 974 docet.
1527 905 1593 972 Sed
1620 928 1683 973 non
1710 907 2045 996 praetermittendum
2063 923 2126 990 est,

230 1035 233 1046 '
296 1034 440 1101 omnium
459 1017 683 1120 Aristophanis
701 1027 881 1096 fabularum
902 1031 1012 1096 Ranm
1029 1029 1209 1096 sententiae
1223 1039 1354 1093 nostrae
1370 1025 1412 1094 de
1426 1037 1576 1094 accurata
1591 1027 1899 1116 antistrophicorum
1916 1029 2124 1118 responsione

297 1155 439 1221 maxima
458 1152 639 1242 refragari,
668 1151 699 1216 in
719 1173 781 1239 qua
802 1149 851 1216 rel
871 1150 912 1216 de
935 1149 1094 1216 industria
1118 1148 1269 1215 rideatur
1294 1155 1390 1234 poeta
1415 1147 1541 1213 numeri
1563 1131 1784 1214 diversitatem
1803 1148 2014 1248 quaesivisse.
2067 1151 2125 1216 Vi-

296 1274 377 1342 deor
396 1273 473 1340 mihi
492 1273 553 1338 hoc
570 1269 824 1337 luculentissimo
840 1269 990 1359 exemplo
1004 1270 1216 1358 comprobare
1230 1262 1440 1357 posse,'quod
1456 1289 1587 1334 carmen
1605 1289 1665 1334 rsa.
1685 1276 1780 1337 1099
1796 1293 1865 1358 sqq.
1881 1269 2010 1336 autis'tr.
2028 1267 2125 1339 1109

175 1389 181 1400 ’
262 1388 876 1484 'sqq.trochaiconumercsoriptum
897 1391 1041 1478 praebet.
1095 1389 1266 1456 Hioenim
1293 1409 1356 1452 non
1383 1397 1462 1475 puto
1489 1385 1631 1454 dubitari
1657 1410 1766 1475 posse,
1799 1389 1877 1477 quin
1902 1389 1943 1456 da
1967 1389 2126 1458 industrie
2224 1417 2229 1428 ·

221 1549 226 1554 ·
296 1526 392 1603 pocta
411 1513 443 1578 in
461 1509 625 1598 strophico
642 1511 787 1576 carmine
805 1521 854 1576 tot
870 1511 986 1576 breves
1003 1507 1143 1600 syllabas
1169 1506 1332 1596 posuerit,
1359 1527 1496 1595 quarum
1527 1506 1633 1574 locum
1660 1507 1778 1596 longae
1796 1511 1827 1576 in
1852 1511 2051 1600 antistropha
2077 1523 2125 1580 te·

109 1711 114 1722 ⁸
161 1658 166 1664 ·
296 1645 386 1700 nent.
439 1630 603 1697 Undecies
621 1631 724 1718 prima
743 1630 825 1695 arsis
843 1630 873 1695 in
893 1629 1026 1717 stropha
1044 1613 1094 1695 est
1111 1627 1233 1710 soluta,
1258 1627 1310 1694 oui
1330 1626 1427 1715 longa
1445 1605 1568 1714 syllaha
1587 1627 1734 1716 opposita
1759 1629 1817 1695 sit:
1848 1629 1935 1719 quod
1960 1655 2059 1721 rpuum
2085 1656 2126 1701 eo

295 1753 411 1820 ordine
437 1750 618 1816 institutum
644 1749 704 1830 sit,
732 1759 768 1814 ut
785 1759 925 1838 quatuor
943 1749 1111 1838 tribusque
1129 1769 1163 1814 se
1181 1747 1417 1836 excipientibus
1437 1747 1580 1814 versibus
1604 1747 1709 1835 prima
1734 1729 1883 1843 quicqua
1910 1774 2022 1819 versus
2045 1755 2126 1820 arsis

95 1857 99 1902 ⁷
231 1927 234 1934 .
296 1873 458 1952 solvatur,
483 1879 617 1958 apparet
637 1868 805 1957 proprium
825 1867 989 1957 quendam
1009 1867 1054 1935 ita
1073 1867 1232 1934 exsistere
1258 1867 1386 1934 numeri
1410 1867 1590 1948 incessum,
1623 1889 1756 1956 prorsus
1774 1869 1870 1962 ¹illunr
1897 1871 2059 1939 diversum
2085 1876 2125 1940 ah

296 2016 335 2060 eo
353 1992 409 2082 qui
426 2001 475 2058 est
493 1991 524 2055 in
543 1975 754 2076 antistropha.
808 1988 895 2062 Quin
914 2011 980 2054 uno
1000 2011 1095 2054 versu
1113 2009 1226 2054 omncs
1244 1999 1376 2076 praeter
1393 1985 1541 2078 ultimam
1560 2007 1649 2053 arses
1666 1987 1792 2056 solutae
1809 2001 1897 2072 sunt,
1923 1993 1954 2058 in
1973 1980 2126 2060 antistro

296 2112 391 2201 phion
410 2109 509 2176 nulla.
562 2111 639 2176 Hoc
658 2072 734 2174 hini
753 2131 823 2174 eanr
844 2108 1045 2176 rimhabere
1064 2107 1213 2186 ridetur,
1246 2119 1283 2173 ut
1307 2107 1432 2176 etiamsi
1457 2105 1581 2172 nullum
1608 2117 1778 2198 praeterea
1806 2100 1989 2180 inveniatur
2015 2136 2126 2182 exem·

297 2232 405 2321 plum,
434 2230 486 2296 ubi
505 2229 691 2295 choriambo
718 2227 930 2316 respondeat,
963 2219 1140 2309 diiambus,
1173 2227 1206 2292 in
1231 2227 1335 2294 Ranis
1360 2227 1517 2295 librorum
1541 2226 1735 2314 scripturam
1760 2229 1859 2297 talem
1884 2235 2136 2322 responsionem=

295 2353 505 2441 praebentem
523 2351 565 2415 ob
583 2370 653 2414 ean
672 2369 818 2432 canuam
837 2371 901 2414 uon
920 2345 1108 2426 tentandam
1127 2347 1392 2414 existimaverim.
1444 2345 1510 2414 Sed
1530 2345 1698 2414 rideamus
1715 2347 1963 2420 deeonumcro
1980 2356 2126 2443 quivere

297 2482 351 2542 est
364 2469 621 2549 choriambicus,
647 2467 782 2555 eiusque
799 2467 949 2556 exempla
970 2473 1276 2534 recenseamus—
1301 2466 1390 2534 Nan.
1411 2491 1471 2534 rss.
1492 2471 1727 2550 sou—5683
1755 2475 1982 2542 599-600.
2042 2477 2127 2545 Sunt
2238 2495 2241 2506 ·

297 2591 442 2682 quinque
460 2588 611 2668 dimetri,
638 2597 673 2654 et
691 2609 774 2654 unus
792 2588 961 2674 trimeter,
987 2598 1021 2655 et
1046 2611 1090 2654 rs.
1118 2591 1210 2667 5703
1240 2593 1311 2658 608
1339 2609 1423 2654 unus
1447 2585 1598 2654 dimeter.
1616 2625 1668 2638 -·-
1694 2588 1779 2656 lbid.
1805 2615 1866 2658 vsa.
1889 2601 2127 2682 -700-705;

298 2716 513 2782 805-810
533 2717 601 2774 tres
618 2706 760 2789 dimetri.
814 2706 946 2774 Horum
964 2706 1109 2775 omnium
1127 2707 1367 2798 accuratissima
1386 2717 1435 2774 cst
1455 2707 1631 2795 responsio,
1658 2707 1818 2778 diiambus
1834 2713 2057 2784 choriambum
2075 2743 2125 2786 se·

297 2853 400 2921 quens
418 2851 519 2918 purus
536 2837 586 2896 est
610 2837 776 2910 servatus,
810 2828 866 2916 qui
890 2826 1058 2916 praecedit
1081 2827 1211 2916 longam
1238 2827 1334 2894 habet
1358 2827 1552 2894 anacrusim.
1577 2865 1629 2878 --
1662 2829 1778 2916 Equr't.
1804 2841 1865 2898 vas.
1893 2838 2125 2921 set-55&

300 2953 516 3022 ear-588
536 2956 610 3014 octo
627 2947 771 3014 dimetri.
827 2947 980 3014 Secunde
1004 2970 1099 3015 versu
1124 2947 1277 3016 scribitur
1301 2943 1527 3036 χαλκοκρότων
1548 2949 1665 3016 ἵππων
1688 2948 1809 3026 κτύπος
1832 2953 1885 3020 ubi
1910 2961 2123 3028 necessariam

295 3093 367 3137 esse
384 3067 525 3136 Bentleii
543 3065 803 3134 emendationem
823 3062 936 3134 ὁπλῶν
952 3066 1141 3134 certissimis
1159 3067 1250 3134 nohis
1268 3065 1417 3134 ridemur
1435 3067 1592 3134 evincere
1609 3090 1703 3156 posse
1721 3073 1936 3160 argumentis.
1988 3077 2051 3145 Est
2074 3079 2125 3149 hic

297 3212 336 3258 ea
351 3189 499 3278 quaestio
517 3185 689 3268 movenda,
715 3208 812 3274 quam
823 3209 930 3275 supra
947 3186 1201 3275 significavimus
1221 3209 1278 3253 nos
1295 3211 1365 3254 esse
1379 3198 1536 3254 moturos.
1567 3194 1571 3206 “
1588 3188 1985 3262 Animadvertimusenim
1999 3199 2031 3265 in
2048 3201 2125 3268 cbo·

299 3308 462 3377 riambicis
480 3306 628 3374 dimetria
645 3329 686 3374 ex
704 3305 892 3372 choriambo
909 3317 943 3373 et
961 3306 1103 3374 diiambo
1126 3306 1312 3396 compositis
1337 3307 1363 3373 si
1387 3305 1608 3374 choriambum
1634 3307 1794 3378 diiambus
1818 3315 2015 3400 praecedat,
2049 3343 2123 3390 eum

297 3451 410 3498 verum
428 3449 498 3496 csse
515 3427 687 3494 iambicum
709 3435 968 3506 monometrum,
992 3425 1086 3493 cuius
1102 3435 1137 3493 et
1155 3437 1294 3515 utraque
1311 3427 1393 3494 arsis
1410 3427 1490 3496 solvi
1508 3437 1542 3495 et
1560 3431 1727 3498 anacrusis
1746 3431 1937 3521 longaesse
1956 3438 2125 3530 brevisque
2186 3521 2192 3538 ,

296 3549 414 3639 possit,
440 3548 488 3614 sio
507 3557 617 3636 autem
634 3545 856 3612 choriambum
876 3545 1018 3634 excipiat
1036 3543 1213 3628 diiambus,
1240 3569 1346 3636 nequa
1363 3546 1557 3615 solutionem
1582 3547 1776 3632 admittere,
1811 3573 1916 3641 neque
1941 3561 2123 3628 anacrusim

188 3655 196 3662 ’
247 3723 252 3728 .
296 3669 429 3757 longam
449 3665 710 3758 reciperetalem
730 3665 917 3732 diiambum.
970 3665 1078 3754 Atque
1095 3664 1294 3734 solutionem
1313 3665 1394 3732 arsis
1418 3689 1583 3757 nunquam
1609 3668 1736 3752 inveni,
1767 3669 1887 3761 longae
1910 3681 2078 3746 auacrusis
2100 3681 2126 3748 si

298 3811 398 3856 unum
416 3787 598 3876 alterumve
613 3770 801 3874 ¹enemplum
820 3795 947 3867 exstat,
975 3807 1039 3850 non
1057 3793 1184 3852 evertat
1202 3785 1283 3854 illud
1301 3797 1503 3854 constantem
1522 3786 1684 3875 quendam
1704 3811 1796 3857 usum
1816 3814 1993 3882 permagna
2013 3783 2125 3867 exem-

297 3907 425 3998 plorum
444 3905 654 3974 multitudine
672 3897 850 3971 firmatum.
904 3902 1014 3972 Unum
1033 3909 1160 3972 tautum
1180 3905 1327 3972 novimus
1344 3907 1376 3972 in
1396 3909 1604 3995 responsione
1621 3909 1826 3998 exemplum,
1853 3914 1908 3980 abi
1927 3926 2034 3986 tamen
2055 3921 2123 3988 lon-

147 4021 151 4028 ’
296 4027 526 4116 gaeanaerusi
545 4027 623 4094 item
643 4025 741 4114 longa
760 4025 906 4112 opposita
924 4033 985 4103 est,
1013 4023 1055 4092 de
1071 4047 1137 4114 quo
1151 4023 1234 4092 iulra
1247 4024 1384 4093 dicetur.
1438 4025 1586 4094 Alterum
1601 4029 1787 4117 exemplum
1806 4029 1936 4100 dimetri
1954 4058 2029 4105 oum
2047 4063 2125 4109 ana-

233 4125 237 4142 ’
296 4147 383 4213 crusi
399 4158 449 4214 est
466 4145 666 4235 Thesmopb.
687 4146 758 4214 435
780 4131 943 4254 hdccepd'
961 4143 1050 4219 lotoe
1065 4140 1222 4232 ἐξῆτοσεν
1238 4145 1280 4214 de
1298 4167 1363 4235 quo
1383 4145 1452 4214 loco
1469 4145 1671 4214 admirabilia
1690 4149 1850 4237 quaedam
1869 4153 2013 4225 invenies
2036 4161 2123 4249 apud

298 4259 503 4334 novissimum
523 4265 618 4334 huius
636 4265 763 4332 fabulae
780 4263 953 4364 editorerp.
1003 4264 1070 4331 Sed
1090 4287 1130 4332 ne
1147 4263 1210 4334 hoo
1227 4264 1358 4355 quidem
1378 4265 1564 4356 exemplum
1582 4279 1710 4334 certum
1729 4281 1797 4356 est,
1822 4295 1922 4362 quum
1941 4273 1994 4344 hic
2013 4301 2125 4348 versus
2221 4339 2223 4346 .

296 4384 482 4452 trochaicus
499 4407 569 4452 esse
585 4385 721 4467 debeat,
742 4394 785 4482 ut
802 4383 1054 4473 antistrophicus
1071 4383 1178 4453 docet.
1229 4385 1304 4454 Stat
1321 4386 1424 4475 igitur
1449 4398 1657 4476 praeceptum
1686 4401 1850 4474 nostrum,
1876 4391 1918 4460 de
1941 4417 2006 4483 quo
2028 4419 2123 4466 accu-

298 4503 401 4571 ratius
417 4503 584 4592 disputare
603 4503 738 4572 sortasse
755 4503 820 4570 alio
839 4503 909 4571 loco
926 4505 1108 4593 continget.
1162 4505 1229 4572 Hic
1246 4515 1372 4572 tantum
1398 4505 1568 4589 addimus,
1603 4507 1699 4574 simili
1724 4509 1820 4576 modo
1844 4511 1876 4577 in
1902 4513 2127 4588 choriambicis

297 4623 496 4692 tetrametris
513 4622 652 4692 alterum
672 4623 847 4690 diiambum
868 4643 985 4711 purum
1005 4624 1128 4691 serrari
1145 4625 1291 4714 exceptis
1316 4624 1443 4692 duobus
1469 4627 1631 4710 versibus,
1663 4627 1768 4694 altero
1794 4603 2018 4721 Aristophanis
2037 4640 2124 4728 apud

296 4743 595 4833 Hephaestionem,
615 4743 719 4810 altero
738 4741 910 4838 Eupolidis
926 4742 1014 4832 apud
1032 4742 1248 4812 Athenaeum.
1298 4744 1364 4811 His
1387 4743 1473 4812 addo
1498 4745 1629 4812 tertium
1655 4745 1829 4835 Eupolidis
1853 4773 2003 4838 versum,
2028 4781 2124 4846 quem

230 4871 234 4882 ’
296 4883 337 4930 ex
356 4862 470 4930 eadem
488 4862 579 4930 chori
596 4860 803 4930 adulatorum
822 4863 969 4930 oratioue
987 4863 1123 4952 petitum
1142 4873 1254 4931 censet
1270 4861 1401 4931 Theod.
1416 4865 1585 4954 Berghius
1602 4865 1787 4954 Commeat.
1814 4894 1845 4960 p.
1866 4877 1939 4942 55¹3
1965 4875 2125 4986 Σινισνχό.

297 5006 356 5072 ρον
372 4981 455 5072 πρὸς
470 4981 530 5069 τὴν
544 4977 648 5072 λύραν
661 4979 813 5070 οἰνοχόην
825 4981 973 5076 ἔκλεψεν.
1027 4979 1193 5050 Revertrh
1205 4981 1248 5050 ad
1263 4983 1422 5073 Equitum
1439 5007 1580 5067 versum,
1597 5007 1695 5074 quem
1709 5009 1770 5054 cur
1781 4990 2009 5061 emendatione
2025 5017 2127 5085 egere

296 5113 409 5192 putem
427 5101 490 5170 iam
509 5111 609 5191 patet.
662 5103 706 5169 At
724 5111 761 5170 ut
778 5102 992 5193 impugnetur
1009 5101 1089 5172 haec
1105 5087 1349 5194 argumentatio
1367 5115 1489 5188 neura,
1516 5103 1595 5172 illud
1614 5125 1678 5172 non
1697 5109 1803 5195 patiar
1822 5110 1899 5177 mihi
1917 5113 2000 5203 eripi
2023 5138 2125 5206 argu·

296 5233 462 5306 mentum,
487 5219 669 5291 curandum
688 5219 805 5307 luisse,
831 5233 869 5290 ut
885 5223 911 5290 si
929 5224 970 5291 ab
989 5243 1050 5290 uau
1067 5222 1209 5312 quodam
1227 5225 1387 5292 constanti
1407 5225 1592 5294 recessisset
1607 5235 1723 5314 poeta,
1749 5227 1861 5298 eadem
1886 5231 1985 5300 etiam
2011 5235 2043 5304 in
2067 5260 2125 5304 an-
